<?xml version="1.0" encoding="UTF-8"?>
<!DOCTYPE html PUBLIC "-//W3C//DTD XHTML 1.0 Transitional//EN"
    "http://www.w3.org/TR/xhtml1/DTD/xhtml1-transitional.dtd">
<html xmlns="http://www.w3.org/1999/xhtml" xml:lang="en" lang="en">
 <head>
  <title>
</title>
<meta http-equiv="Content-Type" content="text/html;charset=utf-8" />
  <meta name='ocr-system' content='tesseract 3.04.00' />
  <meta name='ocr-capabilities' content='ocr_page ocr_carea ocr_par ocr_line ocrx_word'/>
</head>
<body>
  <div class='ocr_page' id='page_1' title='image "./deromanorumaedi00schugoog_0148.png"; bbox 0 0 2606 4712; ppageno 0'>
   <div class='ocr_carea' id='block_1_1' title="bbox 646 115 710 178">
    <p class='ocr_par' dir='ltr' id='par_1_1' title="bbox 646 115 710 178">
     <span class='ocr_line' id='line_1_1' title="bbox 646 115 710 178; baseline 0 -24"><span class='ocrx_word' id='word_1_1' title='bbox 646 169 648 178; x_wconf 44' lang='grc' dir='ltr'>Ι</span> <span class='ocrx_word' id='word_1_2' title='bbox 699 115 710 154; x_wconf 81' lang='grc' dir='ltr'><em>Ι</em></span> 
     </span>
    </p>
   </div>
   <div class='ocr_carea' id='block_1_2' title="bbox 266 221 1057 338">
    <p class='ocr_par' dir='ltr' id='par_1_2' title="bbox 266 221 1057 338">
     <span class='ocr_line' id='line_1_2' title="bbox 266 221 1057 338; baseline 0.003 -14"><span class='ocrx_word' id='word_1_3' title='bbox 266 257 268 264; x_wconf 72' lang='grc'>’</span> <span class='ocrx_word' id='word_1_4' title='bbox 341 221 503 338; x_wconf 73' lang='grc'>11111·</span> <span class='ocrx_word' id='word_1_5' title='bbox 543 255 650 326; x_wconf 79' lang='lat' dir='ltr'><strong>cur.</strong></span> <span class='ocrx_word' id='word_1_6' title='bbox 673 259 730 326; x_wconf 85' lang='grc'>111.</span> <span class='ocrx_word' id='word_1_7' title='bbox 997 265 1057 328; x_wconf 84' lang='lat' dir='ltr'><strong>ur</strong></span> 
     </span>
    </p>
   </div>
   <div class='ocr_carea' id='block_1_3' title="bbox 38 431 1060 628">
    <p class='ocr_par' dir='ltr' id='par_1_3' title="bbox 38 431 1060 628">
     <span class='ocr_line' id='line_1_3' title="bbox 83 431 1060 524; baseline 0.004 -26.094"><span class='ocrx_word' id='word_1_8' title='bbox 83 434 146 498; x_wconf 90' lang='lat' dir='ltr'><strong>At</strong></span> <span class='ocrx_word' id='word_1_9' title='bbox 158 433 202 500; x_wconf 89' lang='lat' dir='ltr'><strong>de</strong></span> <span class='ocrx_word' id='word_1_10' title='bbox 220 431 274 498; x_wconf 88' lang='lat' dir='ltr'><strong>iris</strong></span> <span class='ocrx_word' id='word_1_11' title='bbox 293 438 406 524; x_wconf 86' lang='lat' dir='ltr'><strong>primo</strong></span> <span class='ocrx_word' id='word_1_12' title='bbox 424 433 613 504; x_wconf 77' lang='lat' dir='ltr'><strong>meandum</strong></span> <span class='ocrx_word' id='word_1_13' title='bbox 631 443 702 512; x_wconf 89' lang='lat' dir='ltr'><strong>est,</strong></span> <span class='ocrx_word' id='word_1_14' title='bbox 722 431 817 500; x_wconf 89' lang='lat' dir='ltr'><strong>nullo</strong></span> <span class='ocrx_word' id='word_1_15' title='bbox 829 436 931 502; x_wconf 88' lang='lat' dir='ltr'><strong>modo</strong></span> <span class='ocrx_word' id='word_1_16' title='bbox 943 457 988 502; x_wconf 87' lang='lat' dir='ltr'><strong>ex</strong></span> <span class='ocrx_word' id='word_1_17' title='bbox 1003 435 1060 504; x_wconf 80' lang='lat' dir='ltr'><strong>iri:-</strong></span> 
     </span>
     <span class='ocr_line' id='line_1_4' title="bbox 38 525 1060 628; baseline 0.004 -24"><span class='ocrx_word' id='word_1_18' title='bbox 38 543 201 605; x_wconf 87' lang='lat' dir='ltr'><strong>storiarum</strong></span> <span class='ocrx_word' id='word_1_19' title='bbox 221 537 377 626; x_wconf 80' lang='lat' dir='ltr'><strong>analogia</strong></span> <span class='ocrx_word' id='word_1_20' title='bbox 390 525 620 604; x_wconf 73' lang='lat' dir='ltr'><strong>demonstrari</strong></span> <span class='ocrx_word' id='word_1_21' title='bbox 633 537 685 605; x_wconf 85' lang='lat' dir='ltr'><strong>vel</strong></span> <span class='ocrx_word' id='word_1_22' title='bbox 698 541 814 626; x_wconf 87' lang='lat' dir='ltr'><strong>potius</strong></span> <span class='ocrx_word' id='word_1_23' title='bbox 826 543 934 628; x_wconf 81' lang='lat' dir='ltr'>accipi</span> <span class='ocrx_word' id='word_1_24' title='bbox 947 559 1060 627; x_wconf 87' lang='lat' dir='ltr'><strong>posse,</strong></span> 
     </span>
    </p>
   </div>
   <div class='ocr_carea' id='block_1_4' title="bbox 37 629 1167 728">
    <p class='ocr_par' dir='ltr' id='par_1_4' title="bbox 37 629 1167 728">
     <span class='ocr_line' id='line_1_5' title="bbox 37 629 1167 728; baseline -0.004 -22"><span class='ocrx_word' id='word_1_25' title='bbox 37 639 312 725; x_wconf 81' lang='lat' dir='ltr'>quemadmodum</span> <span class='ocrx_word' id='word_1_26' title='bbox 325 629 418 728; x_wconf 86' lang='lat' dir='ltr'><strong>apud</strong></span> <span class='ocrx_word' id='word_1_27' title='bbox 440 637 589 728; x_wconf 90' lang='lat' dir='ltr'><strong>populos</strong></span> <span class='ocrx_word' id='word_1_28' title='bbox 617 651 688 707; x_wconf 81' lang='lat' dir='ltr'><strong>tun</strong></span> <span class='ocrx_word' id='word_1_29' title='bbox 716 645 875 728; x_wconf 79' lang='lat' dir='ltr'>exiguae</span> <span class='ocrx_word' id='word_1_30' title='bbox 872 639 1059 722; x_wconf 82' lang='lat' dir='ltr'><strong>hominum</strong></span> <span class='ocrx_word' id='word_1_31' title='bbox 1164 687 1167 702; x_wconf 91' lang='lat'><strong><em>.</em></strong></span> 
     </span>
    </p>
   </div>
   <div class='ocr_carea' id='block_1_5' title="bbox 10 744 1126 2371">
    <p class='ocr_par' dir='ltr' id='par_1_5' title="bbox 10 744 1126 2371">
     <span class='ocr_line' id='line_1_6' title="bbox 36 744 1093 835; baseline 0.002 -23"><span class='ocrx_word' id='word_1_32' title='bbox 36 749 247 832; x_wconf 69' lang='lat' dir='ltr'><strong>frequentiae,</strong></span> <span class='ocrx_word' id='word_1_33' title='bbox 268 744 517 825; x_wconf 50' lang='lat' dir='ltr'><strong>tarnvincultos,</strong></span> <span class='ocrx_word' id='word_1_34' title='bbox 540 745 730 833; x_wconf 88' lang='lat' dir='ltr'><strong>plurimum</strong></span> <span class='ocrx_word' id='word_1_35' title='bbox 741 752 904 835; x_wconf 81' lang='lat' dir='ltr'><strong>pervitae</strong></span> <span class='ocrx_word' id='word_1_36' title='bbox 920 769 1058 816; x_wconf 87' lang='lat' dir='ltr'><strong>cursum</strong></span> <span class='ocrx_word' id='word_1_37' title='bbox 1085 787 1093 797; x_wconf 75' lang='lat'><strong>,</strong></span> 
     </span>
     <span class='ocr_line' id='line_1_7' title="bbox 36 839 1060 937; baseline 0.007 -25"><span class='ocrx_word' id='word_1_38' title='bbox 36 849 163 914; x_wconf 87' lang='lat' dir='ltr'><strong>inbellis</strong></span> <span class='ocrx_word' id='word_1_39' title='bbox 179 839 258 914; x_wconf 80' lang='lat' dir='ltr'><strong>curn</strong></span> <span class='ocrx_word' id='word_1_40' title='bbox 273 849 424 914; x_wconf 86' lang='lat' dir='ltr'><strong>finitimis</strong></span> <span class='ocrx_word' id='word_1_41' title='bbox 435 858 592 936; x_wconf 87' lang='lat' dir='ltr'><strong>vagantes</strong></span> <span class='ocrx_word' id='word_1_42' title='bbox 604 859 705 936; x_wconf 81' lang='lat' dir='ltr'><strong>atque</strong></span> <span class='ocrx_word' id='word_1_43' title='bbox 716 848 936 937; x_wconf 75' lang='lat' dir='ltr'><strong>populantes,</strong></span> <span class='ocrx_word' id='word_1_44' title='bbox 958 856 1060 918; x_wconf 84' lang='lat' dir='ltr'><strong>etiarn</strong></span> 
     </span>
     <span class='ocr_line' id='line_1_8' title="bbox 36 951 1086 1040; baseline 0 -20"><span class='ocrx_word' id='word_1_45' title='bbox 36 972 99 1022; x_wconf 88' lang='lat' dir='ltr'><strong>ante</strong></span> <span class='ocrx_word' id='word_1_46' title='bbox 117 951 350 1020; x_wconf 80' lang='lat' dir='ltr'><strong>Romanorum</strong></span> <span class='ocrx_word' id='word_1_47' title='bbox 364 964 525 1040; x_wconf 62' lang='lat' dir='ltr'><strong>¹tempora</strong></span> <span class='ocrx_word' id='word_1_48' title='bbox 548 951 626 1018; x_wconf 89' lang='lat' dir='ltr'><strong>talis</strong></span> <span class='ocrx_word' id='word_1_49' title='bbox 646 951 894 1020; x_wconf 82' lang='lat' dir='ltr'><strong>administratio</strong></span> <span class='ocrx_word' id='word_1_50' title='bbox 908 959 945 1020; x_wconf 94' lang='lat' dir='ltr'><strong>in</strong></span> <span class='ocrx_word' id='word_1_51' title='bbox 957 958 1059 1024; x_wconf 84' lang='lat' dir='ltr'><strong>rebus</strong></span> <span class='ocrx_word' id='word_1_52' title='bbox 1083 1011 1086 1020; x_wconf 90' lang='lat'>.</span> 
     </span>
     <span class='ocr_line' id='line_1_9' title="bbox 36 1049 1058 1142; baseline 0 -19"><span class='ocrx_word' id='word_1_53' title='bbox 36 1059 368 1132; x_wconf 86' lang='lat' dir='ltr'><strong>exstitissetinteruis,</strong></span> <span class='ocrx_word' id='word_1_54' title='bbox 382 1049 490 1138; x_wconf 83' lang='lat' dir='ltr'><strong>qualis</strong></span> <span class='ocrx_word' id='word_1_55' title='bbox 505 1051 725 1122; x_wconf 86' lang='lat' dir='ltr'><strong>nihilomiuus</strong></span> <span class='ocrx_word' id='word_1_56' title='bbox 735 1055 876 1142; x_wconf 79' lang='lat' dir='ltr'><strong>regendi</strong></span> <span class='ocrx_word' id='word_1_57' title='bbox 886 1059 1058 1142; x_wconf 85' lang='lat' dir='ltr'><strong>ingenium</strong></span> 
     </span>
     <span class='ocr_line' id='line_1_10' title="bbox 36 1155 1059 1245; baseline 0.003 -22"><span class='ocrx_word' id='word_1_58' title='bbox 36 1157 223 1245; x_wconf 85' lang='lat' dir='ltr'><strong>expolitum,</strong></span> <span class='ocrx_word' id='word_1_59' title='bbox 256 1175 355 1242; x_wconf 83' lang='lat' dir='ltr'><strong>quam</strong></span> <span class='ocrx_word' id='word_1_60' title='bbox 375 1155 482 1222; x_wconf 87' lang='lat' dir='ltr'><strong>totius</strong></span> <span class='ocrx_word' id='word_1_61' title='bbox 502 1155 620 1244; x_wconf 81' lang='lat' dir='ltr'><strong>populi</strong></span> <span class='ocrx_word' id='word_1_62' title='bbox 638 1155 806 1222; x_wconf 90' lang='lat' dir='ltr'><strong>culturam</strong></span> <span class='ocrx_word' id='word_1_63' title='bbox 821 1156 920 1225; x_wconf 85' lang='lat' dir='ltr'><strong>valde</strong></span> <span class='ocrx_word' id='word_1_64' title='bbox 938 1159 1059 1226; x_wconf 81' lang='lat' dir='ltr'><strong>elatam</strong></span> 
     </span>
     <span class='ocr_line' id='line_1_11' title="bbox 10 1251 1058 1349; baseline 0.005 -26"><span class='ocrx_word' id='word_1_65' title='bbox 10 1251 11 1314; x_wconf 74' lang='grc' dir='ltr'>Ϊ</span> <span class='ocrx_word' id='word_1_66' title='bbox 36 1259 276 1326; x_wconf 79' lang='lat' dir='ltr'><strong>manifestasset.</strong></span> <span class='ocrx_word' id='word_1_67' title='bbox 324 1260 484 1326; x_wconf 80' lang='lat' dir='ltr'><strong>Dubitari</strong></span> <span class='ocrx_word' id='word_1_68' title='bbox 499 1264 596 1326; x_wconf 79' lang='lat' dir='ltr'><strong>enim</strong></span> <span class='ocrx_word' id='word_1_69' title='bbox 618 1279 688 1324; x_wconf 90' lang='lat' dir='ltr'><strong>non</strong></span> <span class='ocrx_word' id='word_1_70' title='bbox 708 1257 807 1326; x_wconf 82' lang='lat' dir='ltr'><strong>facilc</strong></span> <span class='ocrx_word' id='word_1_71' title='bbox 825 1265 954 1349; x_wconf 86' lang='lat' dir='ltr'><strong>possit,</strong></span> <span class='ocrx_word' id='word_1_72' title='bbox 976 1268 1058 1348; x_wconf 89' lang='lat' dir='ltr'><strong>quin</strong></span> 
     </span>
     <span class='ocr_line' id='line_1_12' title="bbox 36 1362 1126 1457; baseline 0.006 -29"><span class='ocrx_word' id='word_1_73' title='bbox 36 1387 235 1449; x_wconf 86' lang='lat' dir='ltr'><strong>quaecunque</strong></span> <span class='ocrx_word' id='word_1_74' title='bbox 250 1363 442 1452; x_wconf 82' lang='lat' dir='ltr'><strong>respublica</strong></span> <span class='ocrx_word' id='word_1_75' title='bbox 456 1362 627 1430; x_wconf 84' lang='lat' dir='ltr'><strong>Aedilium</strong></span> <span class='ocrx_word' id='word_1_76' title='bbox 638 1365 864 1452; x_wconf 85' lang='lat' dir='ltr'><strong>similiumque</strong></span> <span class='ocrx_word' id='word_1_77' title='bbox 879 1373 1069 1457; x_wconf 80' lang='lat' dir='ltr'><strong>magistra-¹</strong></span> <span class='ocrx_word' id='word_1_78' title='bbox 1123 1373 1126 1382; x_wconf 86' lang='lat'>&#39;</span> 
     </span>
     <span class='ocr_line' id='line_1_13' title="bbox 38 1465 1059 1556; baseline 0.004 -24"><span class='ocrx_word' id='word_1_79' title='bbox 38 1481 116 1532; x_wconf 90' lang='lat' dir='ltr'><strong>tuum</strong></span> <span class='ocrx_word' id='word_1_80' title='bbox 133 1471 355 1549; x_wconf 79' lang='lat' dir='ltr'><strong>institutione·</strong></span> <span class='ocrx_word' id='word_1_81' title='bbox 375 1469 520 1532; x_wconf 86' lang='lat' dir='ltr'><strong>maiores</strong></span> <span class='ocrx_word' id='word_1_82' title='bbox 540 1465 692 1532; x_wconf 87' lang='lat' dir='ltr'><strong>culturae</strong></span> <span class='ocrx_word' id='word_1_83' title='bbox 714 1487 914 1556; x_wconf 85' lang='lat' dir='ltr'><strong>progressus</strong></span> <span class='ocrx_word' id='word_1_84' title='bbox 939 1483 1059 1536; x_wconf 85' lang='lat' dir='ltr'><strong>osten-</strong></span> 
     </span>
     <span class='ocr_line' id='line_1_14' title="bbox 38 1559 1121 1654; baseline 0.002 -20"><span class='ocrx_word' id='word_1_85' title='bbox 38 1573 101 1636; x_wconf 88' lang='lat' dir='ltr'><strong>dere</strong></span> <span class='ocrx_word' id='word_1_86' title='bbox 118 1573 249 1643; x_wconf 82' lang='lat' dir='ltr'><strong>dcbeat.</strong></span> <span class='ocrx_word' id='word_1_87' title='bbox 300 1568 432 1654; x_wconf 84' lang='lat' dir='ltr'><strong>Quodsi</strong></span> <span class='ocrx_word' id='word_1_88' title='bbox 450 1579 564 1634; x_wconf 89' lang='lat' dir='ltr'><strong>autem</strong></span> <span class='ocrx_word' id='word_1_89' title='bbox 583 1571 620 1633; x_wconf 88' lang='lat' dir='ltr'><strong>iir</strong></span> <span class='ocrx_word' id='word_1_90' title='bbox 637 1565 971 1654; x_wconf 60' lang='lat' dir='ltr'><strong>hocrantiquissimae</strong></span> <span class='ocrx_word' id='word_1_91' title='bbox 985 1577 1058 1640; x_wconf 81' lang='lat' dir='ltr'><strong>ori-</strong></span> <span class='ocrx_word' id='word_1_92' title='bbox 1118 1559 1121 1570; x_wconf 82' lang='lat'>&#39;</span> 
     </span>
     <span class='ocr_line' id='line_1_15' title="bbox 38 1656 1121 1760; baseline 0.006 -26"><span class='ocrx_word' id='word_1_93' title='bbox 38 1676 107 1758; x_wconf 84' lang='lat' dir='ltr'><strong>ginis</strong></span> <span class='ocrx_word' id='word_1_94' title='bbox 125 1682 327 1760; x_wconf 86' lang='lat' dir='ltr'><strong>argumento</strong></span> <span class='ocrx_word' id='word_1_95' title='bbox 345 1656 568 1759; x_wconf 76' lang='lat' dir='ltr'><strong>producendo</strong></span> <span class='ocrx_word' id='word_1_96' title='bbox 596 1671 709 1739; x_wconf 83' lang='lat' dir='ltr'><strong>omnia</strong></span> <span class='ocrx_word' id='word_1_97' title='bbox 740 1674 935 1738; x_wconf 88' lang='lat' dir='ltr'><strong>testimonia</strong></span> <span class='ocrx_word' id='word_1_98' title='bbox 950 1671 1058 1760; x_wconf 87' lang='lat' dir='ltr'><strong>plane</strong></span> <span class='ocrx_word' id='word_1_99' title='bbox 1118 1733 1121 1749; x_wconf 84' lang='lat'><strong>,</strong></span> 
     </span>
     <span class='ocr_line' id='line_1_16' title="bbox 38 1773 1059 1860; baseline 0.006 -24"><span class='ocrx_word' id='word_1_100' title='bbox 38 1773 154 1852; x_wconf 84' lang='lat' dir='ltr'><strong>desunt,</strong></span> <span class='ocrx_word' id='word_1_101' title='bbox 173 1773 264 1840; x_wconf 78' lang='lat' dir='ltr'><strong>hunc</strong></span> <span class='ocrx_word' id='word_1_102' title='bbox 276 1784 383 1840; x_wconf 83' lang='lat' dir='ltr'><strong>totam</strong></span> <span class='ocrx_word' id='word_1_103' title='bbox 396 1775 601 1860; x_wconf 74' lang='lat' dir='ltr'><strong>opinionem,</strong></span> <span class='ocrx_word' id='word_1_104' title='bbox 623 1791 727 1856; x_wconf 89' lang='lat' dir='ltr'><strong>quum</strong></span> <span class='ocrx_word' id='word_1_105' title='bbox 741 1782 914 1858; x_wconf 81' lang='lat' dir='ltr'><strong>praeterea</strong></span> <span class='ocrx_word' id='word_1_106' title='bbox 926 1773 1059 1850; x_wconf 77' lang='grc'>11111111-</span> 
     </span>
     <span class='ocr_line' id='line_1_17' title="bbox 38 1871 1058 1962; baseline 0.002 -24"><span class='ocrx_word' id='word_1_107' title='bbox 38 1873 154 1940; x_wconf 86' lang='lat' dir='ltr'><strong>dilitatis</strong></span> <span class='ocrx_word' id='word_1_108' title='bbox 173 1877 211 1938; x_wconf 92' lang='grc'><strong>111</strong></span> <span class='ocrx_word' id='word_1_109' title='bbox 231 1877 389 1940; x_wconf 83' lang='lat' dir='ltr'><strong>universa</strong></span> <span class='ocrx_word' id='word_1_110' title='bbox 407 1871 509 1938; x_wconf 80' lang='lat' dir='ltr'><strong>ltalia</strong></span> <span class='ocrx_word' id='word_1_111' title='bbox 527 1884 686 1959; x_wconf 83' lang='lat' dir='ltr'><strong>acceptae</strong></span> <span class='ocrx_word' id='word_1_112' title='bbox 702 1871 858 1962; x_wconf 85' lang='lat' dir='ltr'><strong>exempla</strong></span> <span class='ocrx_word' id='word_1_113' title='bbox 879 1873 1016 1942; x_wconf 89' lang='lat' dir='ltr'><strong>demum</strong></span> <span class='ocrx_word' id='word_1_114' title='bbox 1039 1898 1058 1940; x_wconf 89' lang='lat' dir='ltr'><strong>c</strong></span> 
     </span>
     <span class='ocr_line' id='line_1_18' title="bbox 38 1969 1056 2064; baseline 0.004 -28"><span class='ocrx_word' id='word_1_115' title='bbox 38 1973 222 2064; x_wconf 85' lang='lat' dir='ltr'><strong>reipublicae</strong></span> <span class='ocrx_word' id='word_1_116' title='bbox 245 1972 389 2038; x_wconf 85' lang='lat' dir='ltr'><strong>labentis</strong></span> <span class='ocrx_word' id='word_1_117' title='bbox 411 1969 451 2038; x_wconf 83' lang='lat' dir='ltr'><strong>ac&#39;</strong></span> <span class='ocrx_word' id='word_1_118' title='bbox 470 1977 713 2060; x_wconf 87' lang='lat' dir='ltr'><strong>imperatorum</strong></span> <span class='ocrx_word' id='word_1_119' title='bbox 731 1975 943 2062; x_wconf 87' lang='lat' dir='ltr'><strong>temporibus</strong></span> <span class='ocrx_word' id='word_1_120' title='bbox 956 1977 1056 2044; x_wconf 90' lang='lat' dir='ltr'><strong>nobis</strong></span> 
     </span>
     <span class='ocr_line' id='line_1_19' title="bbox 39 2072 1058 2167; baseline 0.004 -29"><span class='ocrx_word' id='word_1_121' title='bbox 39 2087 169 2154; x_wconf 84' lang='lat' dir='ltr'><strong>exstant,</strong></span> <span class='ocrx_word' id='word_1_122' title='bbox 195 2099 215 2142; x_wconf 88' lang='lat' dir='ltr'><strong>e</strong></span> <span class='ocrx_word' id='word_1_123' title='bbox 239 2079 478 2160; x_wconf 84' lang='lat' dir='ltr'><strong>disquisitione</strong></span> <span class='ocrx_word' id='word_1_124' title='bbox 492 2072 655 2140; x_wconf 84' lang='lat' dir='ltr'><strong>historica</strong></span> <span class='ocrx_word' id='word_1_125' title='bbox 671 2075 891 2142; x_wconf 80' lang='lat' dir='ltr'><strong>amovendam</strong></span> <span class='ocrx_word' id='word_1_126' title='bbox 904 2095 979 2144; x_wconf 83' lang='lat' dir='ltr'><strong>esse</strong></span> <span class='ocrx_word' id='word_1_127' title='bbox 994 2097 1058 2167; x_wconf 83' lang='lat' dir='ltr'><strong>ap-</strong></span> 
     </span>
     <span class='ocr_line' id='line_1_20' title="bbox 38 2171 1058 2266; baseline 0.006 -28"><span class='ocrx_word' id='word_1_128' title='bbox 38 2187 122 2262; x_wconf 89' lang='lat' dir='ltr'><strong>paret.</strong></span> <span class='ocrx_word' id='word_1_129' title='bbox 163 2177 353 2266; x_wconf 74' lang='lat' dir='ltr'><strong>Enimvero</strong></span> <span class='ocrx_word' id='word_1_130' title='bbox 370 2195 414 2241; x_wconf 84' lang='lat' dir='ltr'><strong>ex</strong></span> <span class='ocrx_word' id='word_1_131' title='bbox 430 2175 571 2244; x_wconf 87' lang='lat' dir='ltr'><strong>adversa</strong></span> <span class='ocrx_word' id='word_1_132' title='bbox 590 2185 688 2263; x_wconf 86' lang='lat' dir='ltr'><strong>parte</strong></span> <span class='ocrx_word' id='word_1_133' title='bbox 701 2173 811 2242; x_wconf 84' lang='grc'>1111110</span> <span class='ocrx_word' id='word_1_134' title='bbox 824 2175 957 2244; x_wconf 80' lang='lat' dir='ltr'><strong>facilius</strong></span> <span class='ocrx_word' id='word_1_135' title='bbox 975 2171 1058 2246; x_wconf 82' lang='lat' dir='ltr'><strong>iiiu-</strong></span> 
     </span>
     <span class='ocr_line' id='line_1_21' title="bbox 39 2277 1058 2371; baseline 0.009 -30"><span class='ocrx_word' id='word_1_136' title='bbox 39 2289 161 2360; x_wconf 88' lang='lat' dir='ltr'><strong>stretur,</strong></span> <span class='ocrx_word' id='word_1_137' title='bbox 187 2279 332 2344; x_wconf 84' lang='lat' dir='ltr'><strong>Romam</strong></span> <span class='ocrx_word' id='word_1_138' title='bbox 354 2282 481 2366; x_wconf 90' lang='lat' dir='ltr'><strong>ipsam,</strong></span> <span class='ocrx_word' id='word_1_139' title='bbox 501 2298 582 2344; x_wconf 87' lang='lat' dir='ltr'><strong>mox</strong></span> <span class='ocrx_word' id='word_1_140' title='bbox 595 2277 687 2342; x_wconf 89' lang='lat' dir='ltr'><strong>Latii</strong></span> <span class='ocrx_word' id='word_1_141' title='bbox 707 2289 826 2367; x_wconf 83' lang='lat' dir='ltr'><strong>capnt,</strong></span> <span class='ocrx_word' id='word_1_142' title='bbox 851 2285 1058 2371; x_wconf 64' lang='lat' dir='ltr'><strong>municipiis</strong></span> 
     </span>
    </p>
   </div>
   <div class='ocr_carea' id='block_1_6' title="bbox 40 2378 1161 2469">
    <p class='ocr_par' dir='ltr' id='par_1_6' title="bbox 40 2378 1161 2469">
     <span class='ocr_line' id='line_1_22' title="bbox 40 2378 1161 2469; baseline 0.008 -27"><span class='ocrx_word' id='word_1_143' title='bbox 40 2381 129 2461; x_wconf 88' lang='lat' dir='ltr'><strong>quoad</strong></span> <span class='ocrx_word' id='word_1_144' title='bbox 150 2379 269 2446; x_wconf 88' lang='lat' dir='ltr'><strong>eadem</strong></span> <span class='ocrx_word' id='word_1_145' title='bbox 291 2383 397 2467; x_wconf 90' lang='lat' dir='ltr'><strong>magis</strong></span> <span class='ocrx_word' id='word_1_146' title='bbox 415 2383 587 2468; x_wconf 83' lang='lat' dir='ltr'><strong>magisque</strong></span> <span class='ocrx_word' id='word_1_147' title='bbox 606 2401 643 2446; x_wconf 90' lang='lat' dir='ltr'><strong>se</strong></span> <span class='ocrx_word' id='word_1_148' title='bbox 655 2378 869 2448; x_wconf 85' lang='lat' dir='ltr'><strong>excoluerint</strong></span> <span class='ocrx_word' id='word_1_149' title='bbox 882 2394 982 2469; x_wconf 86' lang='lat' dir='ltr'><strong>atquc</strong></span> <span class='ocrx_word' id='word_1_150' title='bbox 995 2407 1058 2452; x_wconf 83' lang='lat' dir='ltr'><strong>ur·</strong></span> <span class='ocrx_word' id='word_1_151' title='bbox 1154 2419 1161 2440; x_wconf 58' lang='grc' dir='ltr'><strong>ι</strong></span> 
     </span>
    </p>
   </div>
   <div class='ocr_carea' id='block_1_7' title="bbox 39 2481 1120 3296">
    <p class='ocr_par' dir='ltr' id='par_1_7' title="bbox 39 2481 1120 3296">
     <span class='ocr_line' id='line_1_23' title="bbox 39 2481 1057 2570; baseline 0.008 -26"><span class='ocrx_word' id='word_1_152' title='bbox 39 2481 140 2548; x_wconf 86' lang='lat' dir='ltr'><strong>bemin</strong></span> <span class='ocrx_word' id='word_1_153' title='bbox 164 2484 242 2550; x_wconf 84' lang='lat' dir='ltr'><strong>aliis</strong></span> <span class='ocrx_word' id='word_1_154' title='bbox 262 2505 396 2569; x_wconf 87' lang='lat' dir='ltr'><strong>quoque</strong></span> <span class='ocrx_word' id='word_1_155' title='bbox 415 2486 516 2550; x_wconf 89' lang='lat' dir='ltr'><strong>rebus</strong></span> <span class='ocrx_word' id='word_1_156' title='bbox 538 2487 667 2548; x_wconf 82' lang='lat' dir='ltr'><strong>imitata</strong></span> <span class='ocrx_word' id='word_1_157' title='bbox 687 2487 773 2562; x_wconf 88' lang='lat' dir='ltr'><strong>sint,</strong></span> <span class='ocrx_word' id='word_1_158' title='bbox 807 2485 899 2570; x_wconf 92' lang='lat' dir='ltr'><strong>quod</strong></span> <span class='ocrx_word' id='word_1_159' title='bbox 920 2485 1057 2570; x_wconf 87' lang='lat' dir='ltr'><strong>quidem</strong></span> 
     </span>
     <span class='ocr_line' id='line_1_24' title="bbox 39 2575 1058 2696; baseline 0.009 -50"><span class='ocrx_word' id='word_1_160' title='bbox 39 2585 70 2648; x_wconf 91' lang='lat' dir='ltr'><strong>de</strong></span> <span class='ocrx_word' id='word_1_161' title='bbox 87 2575 223 2680; x_wconf 84' lang='lat' dir='ltr'><strong>coloniis</strong></span> <span class='ocrx_word' id='word_1_162' title='bbox 244 2607 306 2676; x_wconf 90' lang='lat' dir='ltr'><strong>per</strong></span> <span class='ocrx_word' id='word_1_163' title='bbox 324 2607 360 2652; x_wconf 91' lang='lat' dir='ltr'><strong>se</strong></span> <span class='ocrx_word' id='word_1_164' title='bbox 373 2585 591 2676; x_wconf 84' lang='lat' dir='ltr'><strong>intelligitur,</strong></span> <span class='ocrx_word' id='word_1_165' title='bbox 611 2583 768 2696; x_wconf 74' lang='lat' dir='ltr'><strong>exemplo</strong></span> <span class='ocrx_word' id='word_1_166' title='bbox 782 2585 908 2668; x_wconf 86' lang='lat' dir='ltr'><strong>fuisse,</strong></span> <span class='ocrx_word' id='word_1_167' title='bbox 936 2601 975 2652; x_wconf 93' lang='lat' dir='ltr'><strong>ut</strong></span> <span class='ocrx_word' id='word_1_168' title='bbox 987 2589 1058 2678; x_wconf 83' lang='lat' dir='ltr'><strong>Ae-¹</strong></span> 
     </span>
     <span class='ocr_line' id='line_1_25' title="bbox 39 2676 1120 2778; baseline 0.003 -24.048"><span class='ocrx_word' id='word_1_169' title='bbox 39 2687 137 2754; x_wconf 89' lang='lat' dir='ltr'><strong>dilium</strong></span> <span class='ocrx_word' id='word_1_170' title='bbox 155 2695 392 2778; x_wconf 85' lang='lat' dir='ltr'><strong>magistratum</strong></span> <span class='ocrx_word' id='word_1_171' title='bbox 409 2688 612 2778; x_wconf 89' lang='lat' dir='ltr'><strong>reipublicae</strong></span> <span class='ocrx_word' id='word_1_172' title='bbox 627 2676 887 2754; x_wconf 78' lang='lat' dir='ltr'><strong>commodorum</strong></span> <span class='ocrx_word' id='word_1_173' title='bbox 898 2711 1058 2757; x_wconf 87' lang='lat' dir='ltr'><strong>necessa</strong></span> <span class='ocrx_word' id='word_1_174' title='bbox 1116 2720 1120 2734; x_wconf 85' lang='grc'>·</span> 
     </span>
     <span class='ocr_line' id='line_1_26' title="bbox 40 2787 1057 2878; baseline 0.01 -30"><span class='ocrx_word' id='word_1_175' title='bbox 40 2787 401 2878; x_wconf 59' lang='grc'>1111111111111111116),</span> <span class='ocrx_word' id='word_1_176' title='bbox 443 2811 511 2874; x_wconf 91' lang='lat' dir='ltr'><strong>quo</strong></span> <span class='ocrx_word' id='word_1_177' title='bbox 537 2809 673 2876; x_wconf 85' lang='lat' dir='ltr'><strong>semper</strong></span> <span class='ocrx_word' id='word_1_178' title='bbox 699 2789 797 2855; x_wconf 88' lang='lat' dir='ltr'><strong>civile</strong></span> <span class='ocrx_word' id='word_1_179' title='bbox 818 2796 1057 2858; x_wconf 83' lang='lat' dir='ltr'><strong>commercium</strong></span> 
     </span>
     <span class='ocr_line' id='line_1_27' title="bbox 39 2893 1058 2982; baseline 0.005 -25"><span class='ocrx_word' id='word_1_180' title='bbox 39 2899 364 2981; x_wconf 81' lang='lat' dir='ltr'><strong>extensius&#39;titaeque</strong></span> <span class='ocrx_word' id='word_1_181' title='bbox 383 2893 592 2960; x_wconf 86' lang='lat' dir='ltr'><strong>consuetudo</strong></span> <span class='ocrx_word' id='word_1_182' title='bbox 608 2893 750 2982; x_wconf 88' lang='lat' dir='ltr'><strong>amplior</strong></span> <span class='ocrx_word' id='word_1_183' title='bbox 762 2899 902 2958; x_wconf 90' lang='lat' dir='ltr'><strong>omnino</strong></span> <span class='ocrx_word' id='word_1_184' title='bbox 914 2915 984 2960; x_wconf 91' lang='lat' dir='ltr'><strong>non</strong></span> <span class='ocrx_word' id='word_1_185' title='bbox 999 2895 1058 2962; x_wconf 87' lang='lat' dir='ltr'><strong>diu</strong></span> 
     </span>
     <span class='ocr_line' id='line_1_28' title="bbox 41 2993 1059 3087; baseline 0.001 -28"><span class='ocrx_word' id='word_1_186' title='bbox 41 3018 132 3063; x_wconf 86' lang='lat' dir='ltr'><strong>carcre</strong></span> <span class='ocrx_word' id='word_1_187' title='bbox 146 3009 274 3087; x_wconf 89' lang='lat' dir='ltr'><strong>posset.</strong></span> <span class='ocrx_word' id='word_1_188' title='bbox 325 2997 458 3062; x_wconf 89' lang='lat' dir='ltr'><strong>Idcirco</strong></span> <span class='ocrx_word' id='word_1_189' title='bbox 473 3000 575 3062; x_wconf 87' lang='lat' dir='ltr'><strong>etiam</strong></span> <span class='ocrx_word' id='word_1_190' title='bbox 588 2999 624 3059; x_wconf 91' lang='lat' dir='ltr'><strong>in</strong></span> <span class='ocrx_word' id='word_1_191' title='bbox 639 2995 739 3060; x_wconf 90' lang='lat' dir='ltr'><strong>Latio</strong></span> <span class='ocrx_word' id='word_1_192' title='bbox 752 2993 921 3060; x_wconf 80' lang='lat' dir='ltr'><strong>Aedilium</strong></span> <span class='ocrx_word' id='word_1_193' title='bbox 934 3019 1059 3062; x_wconf 90' lang='lat' dir='ltr'><strong>nomen</strong></span> 
     </span>
     <span class='ocr_line' id='line_1_29' title="bbox 41 3101 1061 3210; baseline 0.006 -50"><span class='ocrx_word' id='word_1_194' title='bbox 41 3120 213 3166; x_wconf 88' lang='lat' dir='ltr'><strong>commune</strong></span> <span class='ocrx_word' id='word_1_195' title='bbox 221 3102 346 3192; x_wconf 90' lang='lat' dir='ltr'><strong>ubique</strong></span> <span class='ocrx_word' id='word_1_196' title='bbox 373 3111 547 3190; x_wconf 83' lang='lat' dir='ltr'><strong>acceptum</strong></span> <span class='ocrx_word' id='word_1_197' title='bbox 566 3109 637 3181; x_wconf 89' lang='lat' dir='ltr'><strong>est,</strong></span> <span class='ocrx_word' id='word_1_198' title='bbox 672 3103 831 3210; x_wconf 83' lang='lat' dir='ltr'><strong>quoniam</strong></span> <span class='ocrx_word' id='word_1_199' title='bbox 856 3101 1061 3168; x_wconf 87' lang='lat' dir='ltr'><strong>domestica-</strong></span> 
     </span>
     <span class='ocr_line' id='line_1_30' title="bbox 41 3187 1060 3296; baseline 0.008 -33"><span class='ocrx_word' id='word_1_200' title='bbox 41 3221 99 3268; x_wconf 90' lang='lat' dir='ltr'><strong>rurn</strong></span> <span class='ocrx_word' id='word_1_201' title='bbox 116 3226 230 3270; x_wconf 90' lang='lat' dir='ltr'><strong>rerum</strong></span> <span class='ocrx_word' id='word_1_202' title='bbox 232 3203 526 3272; x_wconf 84' lang='lat' dir='ltr'><strong>administratio&#39;</strong></span> <span class='ocrx_word' id='word_1_203' title='bbox 516 3223 553 3268; x_wconf 87' lang='lat' dir='ltr'><strong>ru</strong></span> <span class='ocrx_word' id='word_1_204' title='bbox 569 3199 623 3266; x_wconf 88' lang='lat' dir='ltr'><strong>bis</strong></span> <span class='ocrx_word' id='word_1_205' title='bbox 648 3187 783 3292; x_wconf 90' lang='lat' dir='ltr'><strong>oppidis</strong></span> <span class='ocrx_word' id='word_1_206' title='bbox 803 3203 943 3272; x_wconf 84' lang='lat' dir='ltr'><strong>eandem</strong></span> <span class='ocrx_word' id='word_1_207' title='bbox 954 3209 1060 3296; x_wconf 88' lang='lat' dir='ltr'><strong>origi-</strong></span> 
     </span>
    </p>
   </div>
   <div class='ocr_carea' id='block_1_8' title="bbox 41 3348 247 3368">
    <p class='ocr_par' dir='ltr' id='par_1_8' title="bbox 41 3348 247 3368">
     <span class='ocr_line' id='line_1_31' title="bbox 41 3348 247 3368; baseline 0.019 -4"><span class='ocrx_word' id='word_1_208' title='bbox 41 3348 247 3368; x_wconf 61' lang='grc' dir='ltr'><strong>*ι-ι--ιὰ</strong></span> 
     </span>
    </p>
   </div>
   <div class='ocr_carea' id='block_1_9' title="bbox 13 3391 1102 4114">
    <p class='ocr_par' dir='ltr' id='par_1_9' title="bbox 13 3391 1102 4114">
     <span class='ocr_line' id='line_1_32' title="bbox 95 3391 1059 3513; baseline 0.003 -17"><span class='ocrx_word' id='word_1_209' title='bbox 95 3444 123 3513; x_wconf 83' lang='grc'><strong>6)</strong></span> <span class='ocrx_word' id='word_1_210' title='bbox 141 3431 246 3496; x_wconf 70' lang='grc' dir='ltr'>Ε1111111</span> <span class='ocrx_word' id='word_1_211' title='bbox 265 3441 398 3512; x_wconf 86' lang='lat' dir='ltr'><strong>opinioni</strong></span> <span class='ocrx_word' id='word_1_212' title='bbox 417 3455 534 3512; x_wconf 76' lang='lat' dir='ltr'><strong>prorsus</strong></span> <span class='ocrx_word' id='word_1_213' title='bbox 556 3391 1059 3498; x_wconf 65' lang='grc'>111111111111111111110111111111-</span> 
     </span>
     <span class='ocr_line' id='line_1_33' title="bbox 42 3525 1084 3602; baseline 0.008 -23"><span class='ocrx_word' id='word_1_214' title='bbox 42 3525 105 3582; x_wconf 89' lang='lat' dir='ltr'><strong>dilib.</strong></span> <span class='ocrx_word' id='word_1_215' title='bbox 125 3531 226 3582; x_wconf 86' lang='lat' dir='ltr'><strong>Goion.</strong></span> <span class='ocrx_word' id='word_1_216' title='bbox 254 3545 281 3584; x_wconf 92' lang='lat' dir='ltr'><strong>c.</strong></span> <span class='ocrx_word' id='word_1_217' title='bbox 297 3547 324 3597; x_wconf 70' lang='lat'><strong>5.</strong></span> <span class='ocrx_word' id='word_1_218' title='bbox 338 3533 372 3596; x_wconf 86' lang='lat'><strong>&#39;§.</strong></span> <span class='ocrx_word' id='word_1_219' title='bbox 384 3545 418 3598; x_wconf 80' lang='lat'><strong>4·.</strong></span> <span class='ocrx_word' id='word_1_220' title='bbox 443 3527 504 3594; x_wconf 81' lang='lat' dir='ltr'><strong>„ad</strong></span> <span class='ocrx_word' id='word_1_221' title='bbox 524 3527 667 3580; x_wconf 80' lang='lat' dir='ltr'><strong>Aedilium</strong></span> <span class='ocrx_word' id='word_1_222' title='bbox 679 3529 879 3584; x_wconf 75' lang='lat' dir='ltr'><strong>Romanorum</strong></span> <span class='ocrx_word' id='word_1_223' title='bbox 894 3531 1058 3602; x_wconf 81' lang='lat' dir='ltr'><strong>exemplum</strong></span> <span class='ocrx_word' id='word_1_224' title='bbox 1080 3567 1084 3574; x_wconf 88' lang='lat'><strong>·</strong></span> 
     </span>
     <span class='ocr_line' id='line_1_34' title="bbox 42 3611 1060 3688; baseline 0.008 -26"><span class='ocrx_word' id='word_1_225' title='bbox 42 3615 136 3671; x_wconf 80' lang='lat' dir='ltr'><strong>Aediles</strong></span> <span class='ocrx_word' id='word_1_226' title='bbox 158 3613 188 3668; x_wconf 88' lang='lat' dir='ltr'><strong>in</strong></span> <span class='ocrx_word' id='word_1_227' title='bbox 209 3613 333 3668; x_wconf 79' lang='lat' dir='ltr'><strong>coloniis</strong></span> <span class='ocrx_word' id='word_1_228' title='bbox 351 3621 381 3665; x_wconf 89' lang='lat' dir='ltr'><strong>et</strong></span> <span class='ocrx_word' id='word_1_229' title='bbox 406 3611 574 3681; x_wconf 83' lang='lat' dir='ltr'><strong>municipiis</strong></span> <span class='ocrx_word' id='word_1_230' title='bbox 593 3613 744 3666; x_wconf 79' lang='lat' dir='ltr'><strong>constituti</strong></span> <span class='ocrx_word' id='word_1_231' title='bbox 765 3621 843 3667; x_wconf 83' lang='lat' dir='ltr'><strong>suut.</strong></span> <span class='ocrx_word' id='word_1_232' title='bbox 890 3615 967 3668; x_wconf 83' lang='lat' dir='ltr'><strong>Nam</strong></span> <span class='ocrx_word' id='word_1_233' title='bbox 991 3618 1060 3688; x_wconf 83' lang='lat' dir='ltr'><strong>quic</strong></span> 
     </span>
     <span class='ocr_line' id='line_1_35' title="bbox 13 3699 1058 3774; baseline 0.011 -25"><span class='ocrx_word' id='word_1_234' title='bbox 13 3727 14 3740; x_wconf 53' lang='grc'><strong>1</strong></span> <span class='ocrx_word' id='word_1_235' title='bbox 41 3702 116 3752; x_wconf 78' lang='lat' dir='ltr'><strong>sunit</strong></span> <span class='ocrx_word' id='word_1_236' title='bbox 136 3702 267 3756; x_wconf 87' lang='lat' dir='ltr'><strong>omnium</strong></span> <span class='ocrx_word' id='word_1_237' title='bbox 289 3699 460 3768; x_wconf 74' lang='lat' dir='ltr'><strong>oppidorum</strong></span> <span class='ocrx_word' id='word_1_238' title='bbox 474 3699 570 3754; x_wconf 78' lang='lat' dir='ltr'><strong>forme</strong></span> <span class='ocrx_word' id='word_1_239' title='bbox 582 3699 618 3752; x_wconf 84' lang='lat' dir='ltr'><strong>ad</strong></span> <span class='ocrx_word' id='word_1_240' title='bbox 636 3701 801 3754; x_wconf 78' lang='lat' dir='ltr'><strong>Romanam</strong></span> <span class='ocrx_word' id='word_1_241' title='bbox 813 3709 876 3754; x_wconf 85' lang='lat' dir='ltr'><strong>erat</strong></span> <span class='ocrx_word' id='word_1_242' title='bbox 887 3705 1058 3774; x_wconf 75' lang='lat' dir='ltr'><strong>composite,</strong></span> 
     </span>
     <span class='ocr_line' id='line_1_36' title="bbox 40 3785 1058 3856; baseline 0.011 -22"><span class='ocrx_word' id='word_1_243' title='bbox 40 3785 92 3838; x_wconf 87' lang='lat' dir='ltr'><strong>ideo</strong></span> <span class='ocrx_word' id='word_1_244' title='bbox 103 3799 168 3842; x_wconf 82' lang='lat' dir='ltr'><strong>ante</strong></span> <span class='ocrx_word' id='word_1_245' title='bbox 180 3791 250 3842; x_wconf 81' lang='lat' dir='ltr'><strong>alios</strong></span> <span class='ocrx_word' id='word_1_246' title='bbox 272 3803 388 3854; x_wconf 81' lang='lat' dir='ltr'><strong>omnes,</strong></span> <span class='ocrx_word' id='word_1_247' title='bbox 407 3787 507 3856; x_wconf 84' lang='lat' dir='ltr'><strong>quibus</strong></span> <span class='ocrx_word' id='word_1_248' title='bbox 523 3785 646 3854; x_wconf 83' lang='lat' dir='ltr'><strong>curatio,</strong></span> <span class='ocrx_word' id='word_1_249' title='bbox 665 3785 809 3856; x_wconf 81' lang='lat' dir='ltr'><strong>officium,</strong></span> <span class='ocrx_word' id='word_1_250' title='bbox 829 3789 1058 3852; x_wconf 78' lang='lat' dir='ltr'><strong>ministeriumte</strong></span> 
     </span>
     <span class='ocr_line' id='line_1_37' title="bbox 41 3871 1057 3946; baseline 0.011 -22"><span class='ocrx_word' id='word_1_251' title='bbox 41 3875 166 3939; x_wconf 86' lang='lat' dir='ltr'><strong>publicum</strong></span> <span class='ocrx_word' id='word_1_252' title='bbox 184 3875 402 3945; x_wconf 79' lang='lat' dir='ltr'><strong>irriungebatur,</strong></span> <span class='ocrx_word' id='word_1_253' title='bbox 429 3873 542 3926; x_wconf 78' lang='lat' dir='ltr'><strong>Aediles</strong></span> <span class='ocrx_word' id='word_1_254' title='bbox 555 3883 639 3926; x_wconf 78' lang='lat' dir='ltr'><strong>erunt</strong></span> <span class='ocrx_word' id='word_1_255' title='bbox 654 3874 822 3942; x_wconf 84' lang='lat' dir='ltr'><strong>creandi,&#39;</strong></span> <span class='ocrx_word' id='word_1_256' title='bbox 813 3891 843 3926; x_wconf 90' lang='lat' dir='ltr'><strong>rn</strong></span> <span class='ocrx_word' id='word_1_257' title='bbox 848 3871 962 3946; x_wconf 83' lang='lat' dir='ltr'><strong>q&#39;uilrus</strong></span> <span class='ocrx_word' id='word_1_258' title='bbox 975 3879 1057 3936; x_wconf 78' lang='lat' dir='ltr'><strong>uelut</strong></span> 
     </span>
     <span class='ocr_line' id='line_1_38' title="bbox 13 3955 1102 4034; baseline 0.017 -27"><span class='ocrx_word' id='word_1_259' title='bbox 13 3955 14 3962; x_wconf 76' lang='grc'>’</span> <span class='ocrx_word' id='word_1_260' title='bbox 42 3959 64 4010; x_wconf 87' lang='grc'><strong>11</strong></span> <span class='ocrx_word' id='word_1_261' title='bbox 81 3962 213 4032; x_wconf 77' lang='lat' dir='ltr'><strong>imagine,</strong></span> <span class='ocrx_word' id='word_1_262' title='bbox 240 3961 384 4016; x_wconf 83' lang='lat' dir='ltr'><strong>Aedilium</strong></span> <span class='ocrx_word' id='word_1_263' title='bbox 405 3962 555 4018; x_wconf 81' lang='lat' dir='ltr'><strong>Curulium</strong></span> <span class='ocrx_word' id='word_1_264' title='bbox 582 3962 719 4034; x_wconf 77' lang='lat' dir='ltr'><strong>splendor</strong></span> <span class='ocrx_word' id='word_1_265' title='bbox 739 3973 768 4020; x_wconf 86' lang='lat' dir='ltr'><strong>et</strong></span> <span class='ocrx_word' id='word_1_266' title='bbox 785 3964 968 4034; x_wconf 69' lang='lat' dir='ltr'><strong>richuinum</strong></span> <span class='ocrx_word' id='word_1_267' title='bbox 988 3967 1057 4026; x_wconf 79' lang='lat' dir='ltr'><strong>diti</strong></span> <span class='ocrx_word' id='word_1_268' title='bbox 1099 3982 1102 3997; x_wconf 75' lang='grc'>’</span> 
     </span>
     <span class='ocr_line' id='line_1_39' title="bbox 14 4052 331 4114; baseline 0.011 -15"><span class='ocrx_word' id='word_1_269' title='bbox 14 4065 15 4082; x_wconf 63' lang='grc'><strong>1</strong></span> <span class='ocrx_word' id='word_1_270' title='bbox 42 4052 127 4114; x_wconf 66' lang='lat' dir='ltr'><strong>euntia</strong></span> <span class='ocrx_word' id='word_1_271' title='bbox 134 4054 331 4106; x_wconf 83' lang='lat' dir='ltr'><strong>cerneretur.²</strong></span> 
     </span>
    </p>
   </div>
   <div class='ocr_carea' id='block_1_10' title="bbox 0 0 1312 4712">
    <p class='ocr_par' dir='ltr' id='par_1_10' title="bbox 0 0 1312 4712">
     <span class='ocr_line' id='line_1_40' title="bbox 0 0 1312 4712; baseline 0 0"><span class='ocrx_word' id='word_1_272' title='bbox 0 0 1312 4712; x_wconf 95' lang='lat' dir='ltr'><strong> </strong></span> 
     </span>
    </p>
   </div>
  </div>
 </body>
</html>
