2634 4710
390 205 529 280 nint.
581 189 750 317 cnnv'.
1026 213 1089 286 us

29 377 273 444 Romanorum
292 381 484 472 respublica
499 383 653 456 libertate
667 389 838 457 frueretur
851 385 969 480 plens,
990 405 1085 460 sesn-
1151 343 1160 372 Ι

31 501 106 570 per
122 479 206 546 huic
227 485 437 570 magistratui
455 491 697 578 permansisse,
725 509 765 556 ac
785 493 821 556 iu
837 489 1084 580 posterioribus

34 605 178 672 quoque
198 589 413 676 temporibus
432 594 507 678 pari
527 591 630 659 modo
656 613 735 660 cum
747 591 923 662 Aedilibus
943 591 1084 662 Curuli-

31 685 104 752 bus
118 707 197 754 esse
211 693 500 758 communicatam
541 690 702 762 Ceterum
715 693 959 766 sii'ranciscus
970 699 1086 766 iloto·
1117 671 1122 706 ¹

33 813 188 858 mmsis
207 795 248 880 ²⁷)
277 813 429 862 anonae
448 817 561 864 curam
584 819 757 887 nunquam
777 797 961 870 Caralibus
988 823 1084 870 com·

32 903 179 964 missam
195 915 272 963 esse
283 897 462 979 iudicavit,
491 899 665 968 evidenter
677 905 777 971 nobis
792 907 976 984 evincitur,
997 923 1085 970 eun-

35 1005 115 1070 dem
128 1004 263 1083 levius,
284 1001 457 1090 quamulli
470 1008 622 1093 permitti
635 1011 754 1098 possit,
774 1009 991 1098 perspexisse
1003 1001 1084 1072 ion-

33 1119 99 1176 tes.
150 1107 284 1197 Aperte
307 1111 396 1174 enim
410 1121 528 1176 contra
540 1107 643 1178 telem
656 1115 853 1202 opinionem
865 1123 1015 1202 pugnant
1026 1109 1085 1178 lo·

35 1235 93 1294 ca,
120 1234 212 1300 quae
233 1223 314 1277 nota
333 1213 552 1280 antecedente
571 1213 704 1286 eLivio
718 1219 828 1286 citavi.
870 1215 990 1302 Neque
1003 1231 1084 1302 gra·
1146 1273 1151 1286 .

35 1319 129 1385 viora
161 1325 361 1404 argumenta
389 1337 454 1406 pro
474 1315 590 1384 eadem
609 1323 771 1408 opinione
789 1316 902 1386 attulit
924 1313 1083 1408 Spanbe-

35 1425 124 1486 mius
139 1418 206 1505 ²⁹),
244 1423 302 1503 qui
321 1417 412 1486 Livii
430 1419 529 1510 plane
544 1421 722 1486 immemor
740 1419 825 1488 duos
846 1435 1003 1484 nummos
1018 1435 1082 1484 ex·

38 1525 114 1590 cudi
127 1527 255 1602 iussit,
281 1531 320 1586 ut
336 1525 429 1610 spica
442 1536 476 1589 et
488 1519 580 1602 sellis
594 1519 788 1610 vulgaribus
806 1525 843 1586 iu
858 1523 1004 1586 nummis
1018 1539 1081 1583 an-

38 1647 145 1692 nonae
169 1645 291 1691 curam
307 1643 373 1712 pro
395 1622 475 1690 solis
489 1623 664 1691 Aedilibus
680 1621 727 1714 pL
740 1619 947 1714 postularet,
977 1612 1081 1708 quum

39 1754 56 1795 e
75 1744 174 1820 parte
194 1727 337 1795 adversa
356 1725 420 1791 alia
439 1745 655 1793 nummorum
672 1725 827 1816 exempla
842 1722 883 1814 ²⁹)
903 1723 1081 1790 Cundium

39 1833 232 1919 insignibus
250 1829 340 1894 idem
363 1823 512 1894 officium
527 1827 701 1896 Aedilibus
719 1831 950 1919 promiscuum
969 1827 1082 1892 mani-

40 1929 213 1998 festarent.
268 1927 400 1996 Deinde
420 1949 489 1995 non
511 1927 837 1996 meliorem'causam
851 1927 952 1996 habet
965 1927 1081 1994 lioto-

38 2051 198 2120 mannus,
232 2051 294 2096 cur
316 2027 431 2095 eadem
451 2027 593 2118 periodo
605 2027 749 2112 Aediles,
764 2027 809 2120 pl.
832 2031 1079 2118 mancipiorum
1188 2079 1212 2128 ‘.

40 2139 226 2205 venditioni
238 2133 331 2200 solos
342 2131 529 2223 praefuisse
542 2135 724 2201 arbitratus
739 2139 800 2220 sit;
826 2153 905 2200 nam
923 2129 1079 2222 equidem
1117 2135 1121 2146 “

39 2345 144 2399 Plinius
156 2343 278 2399 scilicet
292 2343 428 2398 Meuium
439 2343 586 2399 Messium
601 2341 733 2399 Aedilem
755 2343 795 2416 pl.
811 2341 939 2415 primurn
951 2339 1078 2396 iruued·

38 2441 94 2489 tum
106 2434 225 2506 populo
240 2433 273 2486 in
286 2435 393 2488 modiis
402 2433 513 2488 essibus
526 2431 648 2489 donasse
661 2441 774 2502 nasset,
791 2433 871 2506 quod
884 2431 998 2488 festum
1008 2433 1079 2489 Nie-

37 2519 114 2578 buhr.
127 2525 222 2588 Rom.
237 2519 345 2574 Geecb.
360 2523 402 2578 11.
418 2535 486 2592 pse.
504 2537 556 2592 ¹94
575 2521 727 2592 ingeniose
744 2521 788 2576 ite
800 2520 1012 2593 interpretetus
1024 2529 1096 2592 η’

38 2617 66 2660 ut
87 2627 103 2662 e
121 2608 321 2680 periodorum
337 2609 547 2662 consecutione
569 2609 705 2664 Meuium
718 2609 866 2664 Messium
881 2618 978 2674 estete
999 2611 1079 2682 psis-

38 2714 92 2750 rem
108 2699 144 2751 L.
159 2696 313 2766 Minucio,
338 2695 432 2767 plebis
449 2695 616 2766 corruptori
633 2693 785 2750 notissimo
799 2685 1009 2768 anteponeret,
1033 2704 1078 2772 et·

40 2803 87 2856 quc
104 2786 164 2841 bec
181 2785 302 2839 ratione
321 2781 479 2854 posteriori
502 2781 624 2836 dimidio
640 2781 731 2836 seculi
749 2781 845 2854 quinti
859 2799 887 2838 s.
903 2776 957 2837 Ob.
972 2799 1001 2848 u,
1013 2798 1078 2837 rein

38 2875 208 2928 vindicaret.
253 2870 340 2942 Quod
357 2885 425 2924 sero
440 2869 472 2922 in
484 2869 651 2924 uuiversum
665 2869 701 2924 de
713 2869 1078 2942 largitioue‘irumeeteeie

40 2979 120 3036 usque
142 2943 184 3016 ed
195 2957 376 3030 reipublicae
386 2955 555 3014 libertetem
569 2959 707 3014 emissem
719 2974 739 3014 e
754 2957 840 3014 nobie
852 2957 1011 3014 dicendm
1021 2969 1076 3028 est,
1134 2969 1138 2976 ·

41 3051 220 3104 sitentium
250 3045 359 3098 librum
387 3043 570 3116 differimus,
601 3061 661 3117 quo
684 3049 786 3100 temen
806 3053 875 3116 poet
892 3040 1076 3102 docuerim

41 3138 183 3195 Diskseuii
202 3131 463 3199 commentationes
481 3129 571 3202 dues,
605 3131 739 3188 tebniesn
758 3133 1075 3192 iisseolesusetsills·

41 3239 177 3299 suentes,
198 3225 425 3295 Regium-1817.
442 3230 508 3291 8¹⁰,
535 3231 565 3276 et
583 3220 666 3278 Civii.
686 3223 831 3279 Abbendl.
844 3227 886 3283 11.
902 3239 970 3295 pag.
985 3239 1077 3294 244·-

43 3335 101 3388 eoc,
132 3313 315 3372 succinctius
339 3311 433 3384 megi·
449 3319 603 3384 repetere,
638 3327 728 3385 quem
747 3312 842 3366 denuo
861 3328 1005 3386 exponere
1025 3312 1075 3396 ds·
1164 3325 1168 3337 ¹

40 3405 144 3461 bemus.

99 3493 153 3585 sy)
169 3506 366 3593 Deusegietr,
394 3507 520 3562 nomes.
548 3506 581 3560 iu
603 3505 711 3564 Graes.
734 3503 823 3564 rhea.
846 3514 908 3564 eet.
930 3507 1073 3567 uomit.

43 3619 99 3676 itt·
118 3603 197 3672 ¹855·
1141 3653 1147 3668 ,
1176 3691 1179 3696 Ι

104 3713 151 3779 es)
171 3709 218 3794 De
234 3721 288 3760 oen
307 3712 339 3758 et
357 3709 467 3776 preest.
484 3715 632 3760 nummos.
651 3703 722 3761 edit.
738 3721 799 3762 ees.
812 3701 941 3761 bondis.
957 3701 1018 3760 eoi.
1031 3701 1073 3758 u.

45 3813 257 3976 melotiblbid·
278 3911 346 3968 pag.
363 3901 433 3967 sept
460 3911 490 3967 p·
505 3901 556 3960 ως
601 3893 706 3965 puibm
723 3912 741 3952 e
759 3897 892 3969 genuum
910 3844 1025 3952 setiose
1045 3895 1076 3951 'et

48 3987 297 4058 nummmispeg.
316 3981 677 4056 stpedumuendueeet.
823 3985 827 3992 '
