2590 4718
404 236 501 307 ΗΒ.
525 237 550 302 l.
599 235 707 310 CAP.
732 239 789 311 ut.
876 233 884 250 '
1073 243 1117 310 66

61 400 306 504 'grammaticam
325 421 493 496 poetaque
508 425 611 480 notus
626 413 759 480 duobus
772 413 896 482 sectilis
912 435 953 480 ac
969 414 1111 482 dimidio

66 519 167 572 aetate
180 513 287 594 prior
301 532 403 596 quam
411 511 546 594 Pollux,
568 525 602 582 et
617 517 668 580 ob·
677 515 779 582 talem
791 519 1026 602 antiquitatem
1039 537 1108 582 non

66 612 155 698 plane
178 612 426 700 negligendus,
456 621 519 682 etsi
541 617 657 686 forsan
676 623 786 684 nimio
801 621 961 686 scientiae
975 627 1109 708 etymo·

65 713 188 800 logicae
219 737 340 782 amore
366 723 426 786 vix
453 740 590 788 severus
622 726 834 806 antiquitatis
863 733 1110 811 perscrutator,

62 820 155 882 nobis
178 819 279 905 apud
300 819 508 912 Hesychium
532 823 671 910 reliquit
692 825 746 910 ⁸³),
778 824 987 892 contendens
1007 825 1108 900 ludos

62 921 160 984 modo
188 928 373 1014 gymnicos
399 925 596 994 demandari
615 927 833 1008 athlothetis,
868 933 1006 996 musicis
1025 951 1106 1000 vero

62 1025 149 1090 solos
170 1048 336 1112 praeesse
355 1029 592 1117 agonothetas:
625 1055 677 1122 ‚an
706 1031 900 1122 philologus
922 1033 1043 1120 procul
1062 1037 1105 1102 ab

62 1126 223 1205 Athenis,
251 1141 312 1194 aut
331 1135 442 1216 patria
464 1129 682 1220 Colophone,
712 1147 770 1200 aut
795 1139 830 1202 in
846 1133 980 1201 Aetolia
1000 1139 1103 1202 vitam

61 1229 205 1314 degeuS,
225 1251 274 1293 ex
289 1229 511 1320 etymologica
524 1235 706 1300 vetitorum
722 1231 968 1330 significatione
982 1233 1055 1302 sola
1067 1239 1102 1302 in

61 1337 260 1398 universum
291 1333 335 1400 de
357 1340 589 1410 ,certaminum
623 1337 793 1407 iudicibus
826 1335 893 1404 hoc
918 1337 1103 1406 discrimen

63 1441 291 1502 constituerit.
336 1437 518 1524 Utcunque
532 1461 613 1508 vero
626 1462 662 1508 se
676 1438 817 1520 habeat,
845 1447 978 1504 tantum
992 1447 1104 1506 umen

11 1596 12 1602 ,
63 1541 176 1606 saltem
207 1541 390 1636 indubium
416 1542 637 1631 relinquitur,
671 1549 753 1630 quin
779 1547 815 1608 in
851 1539 1103 1618 Panathenaeis.

61 1644 323 1710 Atheniensium
357 1647 530 1735 republica
555 1645 713 1726 florente,
740 1643 949 1731 atldothetae
971 1647 1102 1712 cunctis

66 1751 305 1816 conaminibus
331 1747 437 1834 atque
459 1751 544 1817 adeo
563 1756 762 1818 nominatim
779 1751 917 1822 musicis
937 1743 1097 1838 praefice·

64 1867 176 1918 rentur
191 1851 245 1938 8⁴).
308 1852 404 1922 Usui·
424 1865 535 1920 autem
561 1855 650 1942 apud
676 1851 900 1926 Athenienses
931 1853 1102 1922 communi
1170 1920 1178 1934 g

5 2013 7 2040 ,
62 1969 329 2022 consentaneum
347 1969 415 2034 est,
444 1957 536 2042 quod
552 1961 642 2022 inter
655 1953 720 2022 hos
737 1947 855 2022 decem
866 1949 1009 2018 tribules
1023 1969 1102 2016 cer-

59 2063 227 2148 taminum
258 2055 387 2122 iudices
413 2077 501 2120 unus
527 2077 589 2144 per
606 2055 777 2142 quoddam
800 2055 934 2132 dierum
954 2053 1101 2138 spatium
1213 2113 1216 2122 ,

61 2165 306 2236 constitutum,
335 2157 563 2224 verisimiliter
582 2157 714 2224 dierum
732 2175 966 2224 numerosum
980 2161 1101 2242 pryta-

60 2285 136 2327 num
150 2263 339 2348 regimine,
358 2279 467 2346 neque
482 2281 563 2328 vero
577 2262 728 2326 tribuum
741 2257 944 2346 aequalitate
957 2253 996 2341 ⁸¹)
1015 2275 1099 2320 con·

122 2573 174 2642 35)
193 2567 309 2636 Verba,
340 2585 416 2638 quae
435 2569 605 2620 Ammonius
627 2585 743 2640 quoque
763 2569 793 2620 in
812 2567 891 2622 verb.
911 2579 1097 2638 anonymor-

59 2661 141 2714 lexic.
169 2667 261 2728 etque
278 2656 457 2708 Pharorinne
484 2655 642 2718 (Diodorlii
663 2655 857 2708 Grammatici
876 2665 997 2707 veterae.
1018 2650 1099 2721 Lipa·

61 2759 132 2815 ¹8²4·
152 2746 264 2811 voli.)
284 2743 490 2810 reddiderunt,
524 2751 590 2794 sunt
613 2761 635 2796 a.
656 2735 891 2814 voeiymen.
918 2738 976 2811 „aie
993 2739 1099 2795 nuno·
1169 2760 1184 2793 ¹.

57 2833 136 2902 ὅρος,
160 2823 334 2914 ἆθλρθὶτης
351 2825 366 2882 ὅ
386 2823 458 2896 μόνα
478 2825 615 2898 γυμνικοὶ,
641 2820 863 2898 transuerseis·
885 2821 901 2882 ὅ
924 2823 1100 2896 τὰ·μουσιιᾶ
1171 2877 1172 2885 ,

56 2915 224 2992 ἂκροᾶματα
245 2915 483 2987 διατιθέμενος·”
522 2933 609 2987 quem
634 2933 702 2970 vero
721 2917 941 2978 distinctionem
963 2913 1098 2987 equidem
1166 2904 1181 2926 “

59 3010 149 3078 magis
173 3007 401 3076 grammaticam
419 3019 506 3072 qnam
523 3021 555 3056 re
576 2988 799 3074 comprobatam
822 3017 926 3076 putare
945 3004 1016 3058 mihi
1031 3019 1095 3072 per·
1148 2991 1150 2998 ¹

58 3113 172 3148 suasum
186 3092 324 3148 habeam·
353 3091 410 3145 Sed
420 3091 499 3144 idem
510 3091 670 3160 Hesychius
687 3111 721 3146 ex
734 3095 883 3148 communi
895 3071 1096 3166 horumkcohn·

57 3188 240 3259 portantium
255 3183 479 3252 compilatorum
491 3183 698 3236 consuetudine
711 3202 734 3237 a.
749 3201 810 3242 voe.
832 3179 1000 3250 ἆθλοθὲτης
1021 3179 1096 3234 dire·

58 3277 186 3329 ctissime
205 3265 388 3344 cirurolliaqv
405 3271 465 3320 aine
484 3269 544 3321 ulla
562 3271 752 3324 adnotatione
765 3269 948 3328 athlethetae
963 3269 1097 3340 dignitati

57 3381 157 3418 vocem
176 3375 299 3430 proraua
312 3373 503 3428 synonymam
519 3367 632 3427 aequat.

122 3484 171 3547 34)
193 3475 281 3547 Quod
295 3475 460 3544 planissime
473 3476 621 3530 Plutarchi
635 3475 717 3543 loco,
737 3483 799 3528 not.
813 3483 848 3538 so
861 3463 974 3550 integre
990 3477 1095 3533 dum.

54 3581 102 3642 pto
118 3567 335 3622 manifestatur.
372 3585 374 3592 v

122 3685 171 3753 85)
190 3685 270 3763 Nam
283 3692 385 3734 contra
399 3681 476 3732 hanc
491 3679 669 3748 opinionem,
689 3679 712 3732 sl
729 3695 794 3732 eam
809 3679 964 3734 defendere
977 3681 1028 3746 rie,
1047 3681 1096 3732 in·

57 3773 177 3843 scriptio
197 3775 258 3822 not
274 3777 305 3830 ει
329 3768 455 3854 excitetq
479 3775 642 3836 pugnaret,
670 3767 867 3835 quumtribua
884 3768 1097 3837 Aegeirpryta·
1142 3827 1152 3850 ι

57 3862 101 3912 uis
118 3859 297 3928 dignitatem
310 3865 373 3907 tum
386 3857 525 3923 temporis
541 3864 674 3924 gereret,
702 3853 783 3908 Philo
805 3863 901 3908 eutem
921 3851 1102 3908 athlotlreta*

58 3963 121 3998 rum
136 3959 285 4014 praetere
300 3957 378 4010 pago
398 3939 620 4010 Cydatlreaaeo,
640 3940 677 3990 ad
690 3939 798 3992 tribum
812 3940 1020 3994 Pandionitlem
1035 3957 1100 4010 pea-
1184 3959 1190 3973 ·

60 4034 168 4088 tinenti
179 4071 187 4102 ,
208 4029 358 4084 adsumtae
369 4042 461 4082 esset..
