2610 4712
258 157 271 168 ‘
361 179 505 246 mun
555 141 759 250 cauus
838 141 841 150 ’
1012 181 1075 266 ιιι

70 357 133 420 sisse
151 375 263 420 curem
281 372 438 436 censere,
470 353 733 446 spanhemiiqua
751 355 1078 444 argumentationem

68 455 142 543 plane
164 455 385 548 comprobare
407 464 520 549 potuit
533 461 574 546 5)‚
608 479 691 528 saue
715 461 841 526 ntirum
864 469 933 536 est,
973 477 1079 542 quum

69 557 281 645 spanhemius,
308 565 432 652 prioris
454 559 632 628 Curulium
650 581 751 628 curae
768 559 896 628 nullam
909 564 1079 631 rationem

67 657 184 740 habens,
202 659 341 746 Aediles
356 661 469 730 Plebis
483 661 574 732 solos
590 682 741 728 annonae
760 673 1078 732 curatoresstatue-

67 774 118 838 rer,
141 775 173 828 et
186 783 230 830 ne
249 787 356 830 unum
377 765 514 852 quidem
527 776 762 854 argumentum
773 763 965 854 proferret,
986 761 1078 849 quod
1174 833 1177 842 ,

66 861 217 928 eiontium
230 869 436 935 auctoritate
450 864 586 932 defendi
602 878 728 958 posset

126 965 168 1029 At
187 965 423 1032 difficillimum
443 979 477 1034 et
494 971 554 1036 vix
572 967 816 1068 praestandum
830 969 912 1046 erit,
934 965 1079 1056 diligen-

66 1069 115 1132 tius
131 1092 330 1157 percensere
351 1051 557 1141 discriminis
577 1095 741 1141 summam
758 1079 848 1140 inter
860 1072 996 1144 Aediles
1012 1073 1080 1142 Ce-

39 1257 40 1260 Ἴ
67 1169 148 1236 reales
160 1187 193 1239 et
206 1195 360 1244 wnonae
371 1175 603 1264 Praefectum,
630 1199 731 1264 quem
743 1175 916 1264 Augustus
929 1180 1079 1266 primum

67 1275 202 1356 instituit,
229 1284 311 1364 qnia
334 1283 507 1350 rarissime
528 1283 707 1366 utriusque
729 1285 945 1370 magistratus
967 1280 1080 1352 officio

68 1380 290 1449 inauctoribus
309 1387 477 1450 veteribus
497 1387 629 1452 obviam
640 1405 678 1452 se
692 1383 819 1451 ferunt.
860 1383 930 1452 Sed
944 1399 1081 1456 tantum

70 1495 194 1551 cornere
214 1487 368 1566 videtur,
395 1505 547 1554 annonae
561 1485 727 1553 Praefecti
748 1508 890 1568 munus,
917 1488 998 1554 dum
1009 1488 1081 1556 Ae-

68 1581 127 1651 diles
141 1585 361 1676 eligerentur,
381 1593 487 1676 magis
502 1593 537 1653 in
554 1587 716 1658 frumenti
730 1593 972 1678 procuratione
986 1611 1080 1656 mer-

69 1698 181 1775 catuque
202 1704 348 1780 errterno
371 1705 572 1782 occupatum
596 1709 690 1772 esse,
717 1695 889 1780 igiturque
902 1691 1080 1758 euadente

68 1795 224 1874 provinciis
244 1796 486 1860 remotioribus
501 1790 687 1860 contulisse
699 1789 927 1878 frumentum3
950 1789 1080 1860 Cerea-

68 1890 219 1964 lesautem
238 1903 328 1964 intra
354 1900 471 1996 urbem
489 1901 682 1983 vicinasque
702 1901 859 1990 regiones
873 1901 926 1964 sui
941 1897 1082 1966 satisfe-

68 2001 131 2064 cisse
148 1999 272 2068 offieio.
322 2003 487 2070 Annonae
507 2012 619 2068 tamen
641 1999 892 2090 praefecturam
908 2005 1024 2070 statim
1041 2005 1083 2070 iu
1167 2072 1181 2090 ,¹

68 2104 149 2188 capite
170 2107 345 2188 sequenti,
373 2107 402 2172 si
414 2101 606 2172 Aedilitatis
625 2101 771 2170 labentis
788 2114 945 2194 tempora
959 2105 1082 2172 ultim

68 2200 281 2288 describimus,
301 2210 402 2274 nobis
423 2209 727 2298 pertractantibus,
741 2229 851 2276 nunc
875 2209 964 2275 nihil
989 2211 1081 2280 aliud
1143 2227 1150 2254 ¹

68 2320 160 2390 restat,
190 2333 293 2398 qnam
318 2321 357 2376 ut
383 2323 502 2377 contra
524 2309 705 2400 plerosque
731 2315 824 2378 viros
845 2313 984 2396 doctos,
1021 2321 1087 2404 qui·

68 2423 273 2499 consentiunt,
296 2417 427 2488 nullum
440 2429 573 2486 exstare
589 2417 845 2499 documentum,
871 2441 939 2507 quo
953 2417 1082 2490 Cerea-

69 2513 101 2582 les
121 2528 214 2592 etiarn
237 2511 316 2614 post
336 2543 489 2592 annonae
513 2521 765 2590 Praefecturam
788 2538 918 2590 creatos
941 2529 1091 2616 probari,
1148 2583 1156 2596 .

71 2627 214 2714 posset⁶),
248 2631 457 2697 testimoniis
484 2629 688 2710 verissimis,
731 2625 878 2695 fehriter
901 2627 1024 2710 adhuc⁸
1042 2635 1082 2698 in

40 2735 41 2738 ’
70 2730 237 2798 conditione
250 2731 406 2820 originali
422 2731 521 2798 nobis
533 2728 683 2810 relictis,
704 2730 993 2816 demonstremus,
1009 2735 1089 2804 Ab*
1152 2746 1157 2757 “

71 2825 131 2896 dies
143 2831 316 2913 Cereales,
338 2833 482 2900 Plebeiis
496 2833 717 2914 adsociatos,¹
733 2837 958 2902 certissimum
973 2857 1082 2923 nsque

71 2929 97 2992 ad
111 2935 251 3002 medium
268 2936 420 3002 seculum
439 2939 580 3004 tertium
592 2945 672 3026 post
689 2934 749 3002 Ch.
764 2941 855 3002 inter
867 2935 1089 3036 magistratus¹

73 3032 230 3103 ordinarios
243 3037 370 3102 Romae
388 3041 468 3101 esse'
484 3049 709 3102 enumeratos.
753 3037 841 3103 Nam
855 3037 1026 3109 Gruterus
1044 3043 1082 3108 in

72 3130 106 3194 ins
96 3139 303 3234 scriptionum
336 3159 480 3228 corpore
518 3141 667 3224 quinque
702 3137 942 3228 epigrammata
965 3141 1082 3226 tradit,

74 3251 132 3315 quae
143 3261 282 3328 prorsus
295 3262 388 3308 meae
399 3243 578 3358 opinionis
587 3243 765 3308 veritatem
779 3240 966 3328 affirmant3
993 3265 1098 3330 quo-1

72 3352 128 3404 run
148 3347 213 3408 tria
230 3346 350 3474 priora
363 3339 406 3428 i),
427 3329 590 3406 nimirum
614 3339 755 3410 eandem
777 3340 993 3414 devotionern
1007 3342 1114 3416 ha·

120 3597 143 3662 5)
159 3599 201 3659 De
217 3613 271 3649 usu
285 3603 315 3648 et
328 3605 437 3664 praest
451 3609 561 3648 numm.
575 3592 675 3649 lunt
688 3609 714 3654 n
734 3592 764 3648 lt.
780 3611 845 3664 oap.
862 3595 943 3652 citat.

121 3696 145 3764 6)
162 3698 329 3752 Dirlraeniur
355 3699 447 3752 etiarn
470 3695 547 3750 hanc
571 3697 741 3769 opinionem
762 3715 856 3770 nuper
886 3701 1057 3758 defendit
1046 3721 1079 3760 tn

74 3774 141 3836 ΕιιοΙι
153 3804 179 3846 tt.
183 3791 298 3844 Gruher
310 3787 433 3860 Aligem.
444 3787 603 3882 Encyclop.
619 3787 672 3840 sub
685 3805 712 3842 r.
725 3788 817 3880 Aedil.

121 3895 145 3960 7)
161 3897 248 3951 tueor.
270 3913 350 3972 corp.
368 3893 439 3955 edit.
453 3894 635 3948 Graeciam
657 3897 967 3968 Amat.1pcp.vol.1.
985 3919 1015 3972 p.
1030 3920 1084 3974 ⁸7⁸
1134 3875 1140 3886 ¹

75 3987 105 4030 nr·
115 3986 192 4048 sati
211 3987 267 4044 duo
287 3995 402 4042 exstant
416 3986 644 4057 epigrammata,
668 4001 817 4060 querunt
814 3987 939 4046 utrarum
955 4005 989 4044 er
1002 3990 1102 4048 andis

700 4165 710 4196 s
809 4166 814 4179 .
