2590 4718
667 161 670 167 ,
706 135 714 164 Ι

210 291 307 378 ιο
367 240 370 251 ’
548 285 686 356 arur.
738 279 927 386 caan„

208 468 323 531 manni
343 466 543 530 sententiam
565 467 652 530 inire
672 481 743 527 non
762 479 920 551 possum,
960 461 990 523 si
1009 457 1071 523 sub
1094 455 1272 521 iudicum

209 567 329 633 ordine
347 565 536 633 Romanum
562 581 734 634 auctorem
762 575 899 631 centum
918 574 1063 646 quatuor
1081 563 1173 624 viros
1199 556 1273 624 vel

209 683 363 738 senatum
385 672 590 760 significasse
611 682 745 747 censet,
740 659 865 732 nullo
879 665 946 730 alio
960 648 1157 748 argumento
1171 637 1273 722 fre-

103 838 106 848 .
208 789 284 854 tus,
305 787 404 858 qu'am
425 773 516 858 quod
540 777 673 838 senatui
693 788 821 836 summa
834 779 985 856 potestas
1000 761 1167 828 iudicialis
1186 761 1274 822 ob-

160 871 164 884 ’
206 867 274 954 lata
296 885 403 942 esset:
434 881 468 939 at
481 874 573 942 Livii
594 885 694 962 caput
711 874 906 960 proximum
920 865 1092 952 neglexit,
1118 864 1178 926 ubi
1194 860 1273 930 ille

210 979 364 1056 disertis
378 980 489 1045 verbis
514 989 669 1042 senatum
690 971 1019 1059 Carthaginiensium
1038 987 1057 1030 a
1076 965 1270 1032 iudicibus

176 1133 180 1146 .
212 1081 387 1157 distinxit,
407 1079 599 1163 nullamque
614 1077 858 1141 dubitationem
871 1073 969 1135 nobis
984 1069 1138 1154 reliquit,
1166 1071 1271 1151 quin

112 1215 118 1236 ι
211 1195 346 1250 senatus
365 1187 504 1246 omnino
526 1183 679 1249 diversus
703 1185 783 1245 sita
802 1177 981 1242 iudicibus.
1025 1173 1200 1274 Quoniam
1224 1175 1270 1234 in

211 1289 331 1377 capitis
358 1287 603 1373 quadragesimi
612 1289 721 1365 ¹senti
743 1285 842 1346 initio
864 1281 982 1347 Livius
999 1278 1162 1340 'iudicum
1182 1279 1273 1341 viris

207 1390 479 1478 potentissimam
493 1388 705 1464 describens,
731 1385 913 1472 propria
936 1381 1267 1464 quinqueviro-

209 1507 299 1552 rum
318 1483 493 1564 officia,
521 1505 605 1575 opes
627 1486 815 1568 famamque
836 1495 869 1546 et
884 1485 986 1546 vitam
998 1480 1183 1544 indicantia
1201 1492 1270 1542 at·-

210 1593 328 1676 tingit‚
357 1587 478 1656 deinde
497 1609 541 1654 ex
560 1585 744 1653 Aristotele
760 1585 800 1671 32)
830 1607 906 1649 cum
919 1583 1019 1649 Livio
1037 1587 1074 1646 in
1095 1580 1266 1646 hocloco

211 1695 461 1768 consentiente,
501 1689 720 1776 longinquior
749 1688 851 1752 huius
885 1689 1100 1772 magistratus
1129 1701 1265 1748 cursus

209 1786 309 1860 nobis
339 1806 447 1858 notus·
463 1805 516 1858 est
534 1793 589 1880 ³³),
630 1793 775 1876 denique
799 1791 917 1856 Livius
945 1788 1040 1854 nullo
1069 1789 1134 1854 alio
1164 1788 1265 1866 loco,

212 1901 363 1984 quamvis
378 1897 506 1962 ceteros
521 1901 734 1984 magistratus
751 1899 894 1986 sparsim
908 1899 1123 1982 percensuit,
1145 1898 1265 1978 quin·
1288 1897 1289 1900 ’

212 2003 432 2084 quevirorum
444 2001 651 2062 mentionem
663 1997 760 2062 fecit:
785 2010 874 2064 certe
889 2015 1005 2061 verum
1017 2010 1086 2072 est,
1113 1995 1263 2062 Livium

210 2099 341 2195 iudices
365 2110 575 2186 permutasse
596 2119 671 2162 cum
692 2101 940 2185 quinqueviris,
969 2111 1002 2162 et
1014 2102 1263 2184 magistratum

209 2219 279 2263 non
295 2219 318 2266 a
329 2219 481 2278 numer0,
503 2201 562 2264 sed
577 2203 747 2288 potiusab
761 2200 930 2274 iudicandi
945 2198 1057 2266 officio
1070 2204 1158 2290 apud
1172 2225 1263 2271 eum

211 2321 287 2368 esse
308 2303 567 2368 denominatum.
619 2303 754 2388 Quodsi
776 2307 851 2388 quis
867 2304 1055 2370 ¹ordinis
1088 2310 1260 2374 vocabulo
1288 2307 1289 2320 ¹

206 2410 246 2473 in
268 2420 337 2472 tam
356 2427 461 2495 parvo
482 2410 782 2500 quinquevirorum
802 2427 942 2470 numero
964 2407 1115 2474 adhibito
1134 2407 1278 2476 offen-'¹

212 2529 288 2586 sum
315 2531 351 2574 se
373 2522 486 2597 putet,
512 2529 620 2574 meam
640 2513 866 2602 coniecturam
880 2509 1026 2575 Gesneri
1050 2517 1258 2580 auctoritate

187 2633 189 2636 ’
210 2638 372 2684 excusare
397 2617 546 2704 possim,
576 2618 687 2704 quiin
707 2611 868 2678 thesauro
881 2612 1013 2702 linguae
1025 2614 1146 2694 latinae
1162 2639 1276 2700 con-⁴

206 2718 321 2786 sulum
352 2737 485 2810 quoque
508 2715 663 2784 ordinem
688 2717 755 2780 'dici
778 2737 880 2804 posse
903 2719 1092 2801 contendit3
1127 2741 1256 2804 quam-

209 2841 319 2904 quam
330 2839 452 2906 negare
472 2822 684 2896 conanum,
713 2817 776 2882 hac
788 2840 868 2884 voce
884 2820 1045 2902 quasdam
1056 2821 1256 2892 ,dubitatio-

110 2966 116 2980 ι
208 2945 270 2990 nes
285 2921 370 2988 mibi
385 2921 556 2986 interdum
571 2925 771 2999 occurrisse,
793 2935 907 2994 utrum
922 2925 965 3014 ob
979 2921 1066 2988 hanc
1084 2940 1117 2990 et
1132 2930 1254 2992 incer-

208 3143 281 3204 erat':
308 3149 358 3220 qui
381 3163 470 3201 unum
490 3147 552 3229 eius
576 3145 699 3213 ordinis,
724 3147 803 3202 idem
823 3163 923 3203 omnes
944 3147 1080 3206 adversos
1099 3151 1249 3222 habebam
1287 3139 1288 3146 ἵ

208 3257 262 3295 nau
274 3245 426 3291 acensator
439 3235 516 3308 apud
532 3237 641 3290 iudices
656 3237 785 3292 infensos
798 3237 921 3295 deerat)
914 3240 932 3268 ’'

196 3332 199 3341 ’
276 3347 321 3414 52)
339 3345 409 3397 Loo.
424 3342 491 3396 cit:
512 3340 576 3410 „iu
589 3340 619 3398 δὲ
633 3339 735 3408 ταύτας
749 3344 907 3416 (nempe'
878 3367 927 3412 τας
938 3349 1116 3421 πενταρχίας)
1128 3350 1194 3406 alei
1182 3352 1249 3409 loru

160 3451 162 3458 ’
206 3450 301 3503 ιιρχιιν
311 3425 412 3500 χυόνον
425 3430 478 3491 ,τῶν
491 3421 589 3485 αλλων
591 3428 608 3462 ''

272 3530 322 3599 53)
342 3529 433 3582 Livius
455 3529 572 3600 quidem
589 3531 645 3584 loe.
671 3533 720 3584 ait.
741 3499 871 3586 iudicum
895 3540 1082 3602 potestatem
1107 3557 1245 3609 perpe·

207 3627 305 3684 tuam
331 3615 420 3670 fuisse
440 3617 528 3688 dicit,
550 3620 600 3672 sed
614 3630 729 3672 tantum
741 3635 774 3672 ex
791 3621 880 3674 abusu
891 3622 1033 3676 beliorum
1048 3627 1143 3694 gratia
1157 3629 1187 3680 in
1201 3632 1245 3684 ci-

206 3703 324 3762 vitatem
343 3699 527 3774 immigrato,
553 3707 630 3776 quod
647 3705 739 3762 verbis
759 3701 1005 3778 „eatempestate
1022 3714 1092 3765 ordo
1108 3715 1244 3771 dominu-

205 3793 315 3845 lratur’⁸
340 3802 368 3844 et
387 3809 453 3844 mox
476 3794 663 3862 sequentibus
688 3788 814 3861 „horum
833 3794 863 3846 in
877 3805 939 3848 tam
953 3797 1106 3866 impotenti
1122 3805 1242 3870 regno”

106 3940 109 3948 ¹
205 3887 234 3929 et
252 3876 326 3945 legia
348 3877 505 3930 formula
495 3891 558 3946 rpsa
578 3897 635 3945 ,ne
658 3883 721 3948 quir
741 3879 825 3932 index
845 3881 994 3934 biennium
1010 3888 1180 3940 continuum
1194 3909 1241 3942 ea·

203 3969 270 4016 set’
292 3965 452 4033 (biennium
472 3963 595 4016 fortasse
614 3975 726 4035 tempus
744 3965 897 4020 adsuetum
917 3971 1023 4039 erat)'
1014 3987 1074 4025 tam
1087 3974 1156 4026 setis
1169 3991 1239 4030 uon·

202 4061 248 4102 tra
258 4051 388 4121 regulam
404 4051 492 4104 fuisse
507 4051 663 4124 significat.
