2590 4718
449 1318 575 1394 cte.
602 1265 633 1392 ιζ

30 1470 80 1534 os
99 1473 333 1546 aunuum
351 1481 668 1574 stntcmntQua
684 1483 1061 1560 ntetsrttstttttn

33 1591 334 1668 nufflsttctu
374 1606 435 1674 ur
477 1610 673 1680 ostentu
716 1609 764 1676 ut
804 1599 1063 1682 satuentes

130 1721 139 1735 ·
289 1729 430 1798 nunu
457 1733 768 1806 consumite

33 1969 204 2076 Naturali
230 2007 590 2096 rerumpublicarum
615 2015 849 2108 coniunctioni
881 2023 1063 2078 consenta-

32 2123 117 2170 neum
136 2121 206 2186 est,
235 2107 330 2192 quod
344 2115 600 2198 magistratuum
613 2135 737 2202 genus,
758 2115 939 2202 praecipue
953 2115 1064 2180 socie-

32 2211 96 2274 tatis
107 2208 275 2295 hutpanae
295 2213 482 2282 commodis
496 2213 713 2304 politioribus
729 2219 895 2293 serviens,
924 2217 1063 2280 omnino

33 2330 87 2376 non
101 2319 198 2401 prius
211 2319 348 2382 institui
362 2331 495 2406 potest,
525 2340 625 2406 quam
641 2317 834 2408 respublica
848 2323 921 2408 ipsa
935 2323 1063 2408 primos
1087 2351 1090 2358 ·

34 2415 124 2482 civilis
145 2417 301 2486 culturae
321 2420 446 2506 gradus
464 2433 692 2508 transgressa,
714 2419 748 2490 h.
765 2443 791 2486 e.
806 2423 842 2488 iu
857 2423 1065 2506 antiquitatis

34 2525 229 2609 temporibus
251 2520 402 2590 hostium
417 2527 604 2592 vicinorum
618 2522 817 2616 depulsione
834 2523 1065 2592 conditionem
1169 2605 1182 2618 .

36 2631 199 2692 certiorem
219 2641 318 2697 nacta
338 2639 409 2708 est,
450 2631 606 2714 civesque
627 2649 709 2698 suos
728 2631 879 2696 severius
901 2629 1064 2716 obsequio

36 2751 97 2818 erga
115 2752 266 2798 summas
285 2728 378 2818 leges
397 2743 497 2817 atque
510 2736 744 2800 auctoritatem
761 2729 949 2800 assuefecit.
990 2729 1062 2798 lta-

36 2853 85 2914 que
111 2855 231 2902 omnes
260 2838 528 2902 consociatioues
553 2833 712 2923 politicae
731 2839 877 2924 primam
898 2837 1064 2924 originem

36 2933 112 3003 mdc
131 2941 290 3026 exiguam
313 2935 457 3004 habeant
478 2960 617 3006 necesse
639 2951 708 3016 est,
746 2941 859 3024 itaque
879 2959 922 3004 ex
946 2937 1063 3005 eadem

38 3045 145 3108 tatione
159 3055 268 3107 totam
284 3041 423 3128 regendi
438 3045 674 3108 auctoritatem
695 3045 786 3108 iniis
803 3045 861 3108 uni
876 3043 951 3107 uiro
968 3059 1064 3107 com·

38 3149 150 3211 missam
171 3165 248 3210 esse
272 3147 470 3211 invenimus.
520 3143 699 3232 Quotquot
722 3149 813 3212 enim
827 3143 1063 3212 historitean-

39 3248 243 3332 tiquissimae,
269 3243 410 3312 meliore
429 3248 564 3312 critices
587 3246 660 3316 tace
684 3244 887 3328 iilusmtae,
922 3249 1064 3336 reseph
1173 3289 1180 3306 ,

39 3352 229 3416 coenobis
251 3345 370 3416 relicta
390 3361 542 3428 exstant,
570 3363 623 3416 tot
647 3347 850 3418 documenta
870 3353 1064 3438 gravissime

39 3477 85 3524 nos
102 3458 245 3531 docent,
283 3466 352 3518 tam
370 3449 470 3552 Asiae
491 3473 590 3538 quam
613 3453 771 3544 Europae
794 3455 944 3524 notioris·
959 3475 1063 3544 regna

40 3563 144 3624 suipra
162 3565 188 3622 e'
204 3557 354 3624 minimis
375 3553 528 3642 partibus
541 3551 744 3622 confluxisse
761 3560 797 3620 iu
810 3577 932 3624 unum:
953 3555 1065 3642 quod·
1189 3573 1194 3586 ’

39 3669 86 3743 que'
102 3659 212 3728 solum
232 3659 360 3724 nostris
382 3655 556 3745 doctrinae
576 3654 735 3748 politicae
757 3661 925 3744 magistris
938 3679 1064 3726 conce·
1088 3659 1104 3728 ’.

39 3761 88 3841 dit,
116 3773 224 3828 totam
252 3759 575 3830 administrationem
598 3777 720 3826 rerum·
733 3757 946 3847 publicarum
969 3747 1079 3825 deri*

40 3885 98 3931 rare
117 3889 135 3932 e
156 3853 225 3932 'vita
251 3849 528 3952 patriarcharum.
578 3861 667 3930 Nam
687 3863 825 3932 eosdem
842 3865 1078 3954 patriarchas‚'

43 3969 67 4027 ti·
77 3969 201 4050 quidem
220 3985 339 4058 'rocem
360 3961 461 4032 sensu
476 3963 596 4030 latiore
612 3969 814 4056 accipimus,
836 3969 864 4036 si
879 3989 989 4056 neque
1004 3982 1065 4033 re*-

44 4070 154 4148 giouum
173 4057 381 4135 discriminis
384 4113 399 4160 2
432 4087 541 4150 neque
564 4065 647 4131 caeli
669 4080 934 4158 temperaturae,
954 4087 1064 4153 neque

437 4163 441 4176 .
587 4201 591 4208 ι
707 4157 758 4232 t*
