2610 4712
359 221 458 292 Lan.
480 221 505 286 l.
548 217 660 292 CAP.
683 221 726 286 V.
776 271 782 288 .
999 219 1057 286 ill
1082 211 1110 251 ⁵

44 375 113 464 ultra
132 397 299 464 decimum
316 395 465 486 lapidem
480 395 632 486 perfora
644 391 930 479 conciliabulaque
942 390 1062 460 Sardi-

43 507 99 568 niae
113 501 265 568 Praetori
278 499 317 570 G
332 496 489 581 Maenio,
515 513 696 588 antequam
717 504 755 566 iu
774 498 865 566 hand
880 501 1061 566 traiioeret.

44 605 213 672 Secundum
228 619 341 672 autem
357 604 551 698 exemplum
563 603 605 694 Μ)
625 607 767 672 omnino
781 601 825 668 ad
837 603 979 672 eandem
991 600 1064 668 Ae-

43 709 139 774 dilium
150 729 288 790 curm,
306 707 484 798 nempead
504 727 578 776 rea
596 705 823 774 maleficas
849 713 1060 774 coercen-

43 814 97 877 das
121 809 256 878 adtrahi
278 810 397 892 debet,
424 832 535 898 neque
556 830 657 888 vero,
683 819 723 874 ut
742 805 951 876 Niebuhriua
978 827 1063 877 oen-

44 914 158 1000 sciti),
186 899 238 978 'ad
258 918 452 982 universam
470 933 630 1000 agrorum
650 929 784 992 euram,
805 914 995 998 quiareus,
1022 919 1062 974 ut

43 1021 73 1084 de
95 1015 261 1086 ieueficiis
284 1039 321 1086 se
344 1027 539 1096 execraret,
579 1019 617 1082 in
637 1015 803 1084 iudicium
822 1026 961 1084 vocatus
981 1024 1062 1080 erat.

45 1122 95 1187 Sed
109 1123 303 1189 documenti
323 1124 433 1210 ipsius
451 1121 553 1190 verba
570 1141 644 1186 reru
666 1123 795 1208 optime
817 1121 885 1184 iam
908 1117 1065 1186 illustra-
1119 1187 1122 1196 ,
1236 1146 1239 1154 ’

46 1229 120 1290 burt:
152 1223 216 1306 ,‚C.
239 1227 363 1292 Furius
376 1223 539 1293 Cresinus
561 1244 581 1290 e
603 1227 769 1292 servitute
779 1221 964 1304 liberatur,
985 1243 1065 1290 eum

46 1334 70 1392 in
84 1349 180 1428 parco
206 1329 392 1396 admodum
414 1325 525 1416 agello
540 1325 649 1396 multo
661 1327 824 1418 largiores
836 1325 970 1398 fructur
980 1348 1064 1418 per·

47 1436 169 1518 ciperet,
187 1453 296 1520 quam
310 1453 353 1498 ex
368 1429 584 1521 amplissimis
598 1433 770 1512 vicinitas,
795 1434 833 1498 in
849 1431 977 1498 invidia
988 1449 1066 1498 ma-

47 1543 191 1616 gnaerat,
221 1553 295 1600 seu
321 1529 470 1620 fruges
490 1529 654 1600 alienas
674 1529 912 1622 pelliceret
929 1553 1065 1602 vene·

48 1636 154 1703 liciis.
198 1637 488 1723 Quamobrem
508 1655 528 1702 a
548 1637 708 1726 Spurio
734 1633 893 1706 Albino
911 1633 1066 1704 Garuli
1180 1718 1182 1726 Ι

49 1740 97 1804 die
115 1740 466 1818 dicta,-metnens
487 1737 825 1818 damnationem,
846 1737 1066 1806 numincul-

48 1839 168 1928 iragium
184 1847 300 1912 tribm
321 1851 498 1932 oporteret
516 1845 587 1924 ire,
615 1845 1066 1913 instrumentum-rusticum

51 1967 124 2012 ome
139 1952 175 2014 in
189 1947 307 2014 iorum
319 1945 445 2024 attulit,
462 1957 498 2012 et
511 1945 655 2012 adduxit
666 1944 767 2012 liliam
781 1945 937 2028 validam,
953 1961 1066 2034 atque,

49 2052 138 2114 nteit
164 2041 266 2130 Piso,
298 2049 564 2120 bene,euratam
586 2066 627 2112 ao
650 2051 825 2128 vestitam,
859 2048 1066 2118 ferraruenta

51 2155 156 2236 egregie
168 2150 272 2230 lacta,
292 2165 410 2238 graves
426 2147 569 2238 ligones,
586 2167 740 2220 vomeret
754 2151 979 2240 ponderosos,
997 2156 1066 2220 bo-

51 2270 91 2318 res
106 2266 249 2324 cancros.
304 2253 428 2322 Postea
458 2255 564 2321 dixit:
590 2255 750 2324 veneficia
775 2277 867 2338 mea,
902 2259 1068 2346 Quirites,

53 2352 113 2422 haec
130 2374 225 2444 sumt3
253 2380 319 2425 neo
337 2379 478 2448 possum
492 2359 590 2428 vebia
604 2359 802 2442 ostendere,
830 2375 889 2430 aut
902 2369 941 2430 in
951 2344 1068 2434 torum

53 2459 191 2532 adducere
208 2461 511 2550 merevigffiasque
524 2475 559 2530 et
571 2461 723 2532 sudores.
749 2465 914 2534 Omnium
926 2479 1068 2538 tenten-

54 2567 93 2628 tiis
104 2571 210 2656 itaque
225 2564 402 2634 absolutus
416 2571 498 2634 est.”
547 2565 617 2636 Sed
632 2571 668 2634 in
682 2567 749 2638 hoc
763 2591 897 2660 quoque
910 2572 1068 2664 exemplo
1150 2654 1152 2664 Ι

54 2668 241 2740 solummodo
269 2688 377 2748 unum
400 2669 552 2738 Aedilem
572 2667 751 2754 Curulem,
795 2689 835 2742 ut
868 2669 1068 2768 regionis
1137 2752 1141 2764 ‚

55 2768 196 2840 linibus
224 2783 414 2840 statutae
441 2771 688 2862 praesidem
717 2779 877 2844 iterum
898 2783 1069 2870 reperi·

56 2893 136 2954 uus,
160 2875 255 2964 quod
273 2875 416 2962 quisque
428 2870 514 2940 mihi
528 2876 707 2958 oonoedet,
736 2883 795 2966 qui
810 2883 846 2944 in
860 2879 961 2962 Livio
975 2879 1070 2948 aliie-

57 2991 103 3053 que
118 2975 310 3043 auctoribus
330 2991 493 3064 persaepe
511 2995 603 3054 rem,
631 2977 692 3042 ubi
714 2977 756 3044 de
777 2985 949 3047 communi
963 2981 1070 3048 Aedi-

58 3067 119 3140 lium
135 3098 214 3144 cura
231 3093 346 3144 sermo
364 3089 436 3154 eat,
461 3075 553 3166 epod
573 3075 690 3148 ambos
701 3079 840 3150 Aediles
854 3081 998 3152 Curules
1016 3084 1071 3154 vel

62 3233 257 3258 Ὦ*

109 3331 149 3400 96)
169 3331 253 3406 Quod
272 3331 382 3387 Plinint
411 3331 534 3388 tradidit
557 3331 626 3389 hiat.
649 3343 745 3389 natur.
759 3339 866 3398 xv111.
893 3360 918 3398 e.
937 3345 964 3402 6.
998 3345 1069 3406 edit.

61 3408 206 3561 {clam
222 3421 299 3494 1669.
324 3419 381 3480 vol.
396 3421 445 3490 ll,
469 3437 604 3494 nequeo.
620 3429 655 3492 8,
682 3426 1011 3496 utapudNiebuhrium
1024 3433 1070 3490 le·
1118 3445 1122 3471 ’

95 3515 130 3555 cr.
1128 3515 1135 3542 ⁸

110 3573 151 3643 97)
168 3577 254 3638 lidan.
265 3573 373 3630 Geruli.
385 3576 423 3630 11.
446 3591 514 3650 pag.
527 3593 597 3649 4¹9²
628 3576 709 3646 „Die
723 3595 753 3632 aa
771 3581 876 3636 'l'aleln
893 3585 1072 3661 verlingteu

63 3649 220 3714 interserere
239 3660 314 3724 iiber
334 3661 408 3730 den,
435 3661 487 3716 der
500 3679 557 3716 von
571 3661 666 3718 einenr
679 3663 813 3720 iremden
826 3669 913 3726 Felde
928 3675 1009 3729 llorn
1020 3679 1074 3733 ant

64 3733 99 3792 det
109 3746 208 3818 eeiuige
219 3747 488 3804 lrinliherauubere:
515 3761 618 3822 κομι
630 3749 722 3806 diere·
738 3755 937 3814 Verbreehenr
949 3749 1072 3821 brachie

64 3821 100 3878 dtr
114 3833 198 3890 Aedil.
219 3835 288 3890 Cur.
312 3833 362 3905 Sp.
382 3837 546 3891 Postumius
567 3836 687 3890 Albiana
706 3839 769 3892 eine
788 3839 917 3916 inunge
940 3865 994 3904 vor
1019 3851 1072 3906 du

66 3908 134 3983 vollr;
156 3923 201 3978 ein
215 3921 296 3990 ran,
323 3921 375 3974 der
388 3921 436 3977 die
452 3923 580 3978 Aurrede
592 3923 799 3997 abachueidm,
818 3947 850 3984 er
864 3935 981 3994 michee
995 3941 1071 3998 doeh

65 3995 144 4059 immet
157 4027 210 4065 nur
221 4027 259 4063 an
273 4009 434 4064 etidtiaclae
449 4011 565 4082 Poliaey
586 4027 622 4066 ru
640 4012 754 4068 denken
765 4018 864 4088 ’φιβ’
