<?xml version="1.0" encoding="UTF-8"?>
<!DOCTYPE html PUBLIC "-//W3C//DTD XHTML 1.0 Transitional//EN"
    "http://www.w3.org/TR/xhtml1/DTD/xhtml1-transitional.dtd">
<html xmlns="http://www.w3.org/1999/xhtml" xml:lang="en" lang="en">
 <head>
  <title>
</title>
<meta http-equiv="Content-Type" content="text/html;charset=utf-8" />
  <meta name='ocr-system' content='tesseract 3.04.00' />
  <meta name='ocr-capabilities' content='ocr_page ocr_carea ocr_par ocr_line ocrx_word'/>
</head>
<body>
  <div class='ocr_page' id='page_1' title='image "./deromanorumaedi00schugoog/deromanorumaedi00schugoog_0146.png"; bbox 0 0 2634 4710; ppageno 0'>
   <div class='ocr_carea' id='block_1_1' title="bbox 373 241 1203 380">
    <p class='ocr_par' dir='ltr' id='par_1_1' title="bbox 373 241 1203 380">
     <span class='ocr_line' id='line_1_1' title="bbox 373 241 1203 380; baseline 0.002 -18"><span class='ocrx_word' id='word_1_1' title='bbox 373 293 470 363; x_wconf 78' lang='lat' dir='ltr'><strong>usn.</strong></span> <span class='ocrx_word' id='word_1_2' title='bbox 492 297 517 364; x_wconf 82' lang='lat'><strong>1.</strong></span> <span class='ocrx_word' id='word_1_3' title='bbox 567 295 678 380; x_wconf 75' lang='lat' dir='ltr'><strong>css.</strong></span> <span class='ocrx_word' id='word_1_4' title='bbox 700 297 758 364; x_wconf 85' lang='grc' dir='ltr'><strong>ιν.</strong></span> <span class='ocrx_word' id='word_1_5' title='bbox 1029 241 1096 364; x_wconf 72' lang='lat' dir='ltr'><strong>Aa</strong></span> <span class='ocrx_word' id='word_1_6' title='bbox 1200 361 1203 380; x_wconf 86' lang='grc'>,</span> 
     </span>
    </p>
   </div>
   <div class='ocr_carea' id='block_1_2' title="bbox 30 467 1100 2720">
    <p class='ocr_par' dir='ltr' id='par_1_2' title="bbox 30 467 1098 1676">
     <span class='ocr_line' id='line_1_2' title="bbox 33 467 1093 553; baseline 0.008 -24"><span class='ocrx_word' id='word_1_7' title='bbox 33 469 92 530; x_wconf 89' lang='lat' dir='ltr'><strong>bis</strong></span> <span class='ocrx_word' id='word_1_8' title='bbox 118 468 303 534; x_wconf 83' lang='lat' dir='ltr'><strong>cavendum</strong></span> <span class='ocrx_word' id='word_1_9' title='bbox 329 485 401 552; x_wconf 90' lang='lat' dir='ltr'><strong>est,</strong></span> <span class='ocrx_word' id='word_1_10' title='bbox 428 493 471 539; x_wconf 85' lang='lat' dir='ltr'><strong>ne</strong></span> <span class='ocrx_word' id='word_1_11' title='bbox 490 475 594 540; x_wconf 87' lang='lat' dir='ltr'><strong>nimie</strong></span> <span class='ocrx_word' id='word_1_12' title='bbox 617 495 636 539; x_wconf 86' lang='lat' dir='ltr'><strong>a</strong></span> <span class='ocrx_word' id='word_1_13' title='bbox 660 477 801 542; x_wconf 84' lang='lat' dir='ltr'><strong>veritate</strong></span> <span class='ocrx_word' id='word_1_14' title='bbox 820 475 1033 553; x_wconf 83' lang='lat' dir='ltr'><strong>aberremus,</strong></span> <span class='ocrx_word' id='word_1_15' title='bbox 1059 467 1093 538; x_wconf 73' lang='lat' dir='ltr'><strong>si</strong></span> 
     </span>
     <span class='ocr_line' id='line_1_3' title="bbox 33 573 1097 669; baseline 0.007 -35"><span class='ocrx_word' id='word_1_16' title='bbox 33 593 124 635; x_wconf 89' lang='lat' dir='ltr'><strong>cum</strong></span> <span class='ocrx_word' id='word_1_17' title='bbox 137 576 215 638; x_wconf 81' lang='lat' dir='ltr'><strong>vim</strong></span> <span class='ocrx_word' id='word_1_18' title='bbox 225 573 362 640; x_wconf 85' lang='lat' dir='ltr'><strong>laudato</strong></span> <span class='ocrx_word' id='word_1_19' title='bbox 377 593 590 657; x_wconf 82' lang='lat' dir='ltr'><strong>censeamus,</strong></span> <span class='ocrx_word' id='word_1_20' title='bbox 610 575 701 668; x_wconf 83' lang='lat' dir='ltr'><strong>apud</strong></span> <span class='ocrx_word' id='word_1_21' title='bbox 714 575 846 669; x_wconf 78' lang='lat' dir='ltr'><strong>nullum</strong></span> <span class='ocrx_word' id='word_1_22' title='bbox 858 581 1097 666; x_wconf 82' lang='lat' dir='ltr'><strong>magistratum</strong></span> 
     </span>
     <span class='ocr_line' id='line_1_4' title="bbox 32 677 1096 770; baseline 0.006 -30"><span class='ocrx_word' id='word_1_23' title='bbox 32 678 234 744; x_wconf 82' lang='lat' dir='ltr'><strong>Romanum</strong></span> <span class='ocrx_word' id='word_1_24' title='bbox 255 699 367 762; x_wconf 87' lang='lat' dir='ltr'><strong>neque</strong></span> <span class='ocrx_word' id='word_1_25' title='bbox 380 681 563 746; x_wconf 82' lang='lat' dir='ltr'><strong>transitum</strong></span> <span class='ocrx_word' id='word_1_26' title='bbox 577 685 613 744; x_wconf 93' lang='lat' dir='ltr'><strong>in</strong></span> <span class='ocrx_word' id='word_1_27' title='bbox 626 679 719 746; x_wconf 86' lang='lat' dir='ltr'><strong>aliud</strong></span> <span class='ocrx_word' id='word_1_28' title='bbox 734 677 884 746; x_wconf 77' lang='lat' dir='ltr'><strong>officium</strong></span> <span class='ocrx_word' id='word_1_29' title='bbox 896 685 967 747; x_wconf 86' lang='lat' dir='ltr'><strong>sive</strong></span> <span class='ocrx_word' id='word_1_30' title='bbox 979 683 1096 770; x_wconf 86' lang='lat' dir='ltr'><strong>impe--</strong></span> 
     </span>
     <span class='ocr_line' id='line_1_5' title="bbox 33 772 1098 872; baseline 0.005 -31"><span class='ocrx_word' id='word_1_31' title='bbox 33 783 77 842; x_wconf 88' lang='lat' dir='ltr'><strong>rii</strong></span> <span class='ocrx_word' id='word_1_32' title='bbox 93 783 230 868; x_wconf 86' lang='lat' dir='ltr'><strong>prioris</strong></span> <span class='ocrx_word' id='word_1_33' title='bbox 249 785 390 861; x_wconf 87' lang='lat' dir='ltr'><strong>aetatis,</strong></span> <span class='ocrx_word' id='word_1_34' title='bbox 418 786 491 850; x_wconf 86' lang='lat' dir='ltr'><strong>sive</strong></span> <span class='ocrx_word' id='word_1_35' title='bbox 511 799 627 850; x_wconf 88' lang='lat' dir='ltr'><strong>sacrae</strong></span> <span class='ocrx_word' id='word_1_36' title='bbox 649 781 743 852; x_wconf 85' lang='lat' dir='ltr'><strong>aulae</strong></span> <span class='ocrx_word' id='word_1_37' title='bbox 766 781 932 872; x_wconf 81' lang='lat' dir='ltr'><strong>gradatim</strong></span> <span class='ocrx_word' id='word_1_38' title='bbox 953 772 1098 860; x_wconf 78' lang='lat' dir='ltr'><strong>iactum,</strong></span> 
     </span>
     <span class='ocr_line' id='line_1_6' title="bbox 31 883 1097 974; baseline 0.006 -30"><span class='ocrx_word' id='word_1_39' title='bbox 31 905 151 970; x_wconf 87' lang='lat' dir='ltr'><strong>neque</strong></span> <span class='ocrx_word' id='word_1_40' title='bbox 177 893 293 948; x_wconf 85' lang='lat' dir='ltr'><strong>totam</strong></span> <span class='ocrx_word' id='word_1_41' title='bbox 319 887 477 951; x_wconf 87' lang='lat' dir='ltr'><strong>muneris</strong></span> <span class='ocrx_word' id='word_1_42' title='bbox 493 883 715 952; x_wconf 80' lang='lat' dir='ltr'><strong>abolitionem</strong></span> <span class='ocrx_word' id='word_1_43' title='bbox 741 887 805 952; x_wconf 93' lang='lat' dir='ltr'><strong>sub</strong></span> <span class='ocrx_word' id='word_1_44' title='bbox 825 885 1097 974; x_wconf 73' lang='lat' dir='ltr'><strong>imperatoribus</strong></span> 
     </span>
     <span class='ocr_line' id='line_1_7' title="bbox 31 985 1097 1074; baseline 0.001 -25"><span class='ocrx_word' id='word_1_45' title='bbox 31 1005 142 1072; x_wconf 87' lang='lat' dir='ltr'><strong>posse</strong></span> <span class='ocrx_word' id='word_1_46' title='bbox 158 989 335 1074; x_wconf 77' lang='lat' dir='ltr'><strong>cognosci.</strong></span> <span class='ocrx_word' id='word_1_47' title='bbox 383 985 680 1072; x_wconf 85' lang='lat' dir='ltr'><strong>Quemadmodum</strong></span> <span class='ocrx_word' id='word_1_48' title='bbox 695 991 785 1055; x_wconf 90' lang='lat' dir='ltr'><strong>euim</strong></span> <span class='ocrx_word' id='word_1_49' title='bbox 800 991 1011 1054; x_wconf 86' lang='lat' dir='ltr'><strong>contrarium</strong></span> <span class='ocrx_word' id='word_1_50' title='bbox 1028 991 1097 1053; x_wconf 90' lang='lat' dir='ltr'><strong>iam</strong></span> 
     </span>
     <span class='ocr_line' id='line_1_8' title="bbox 30 1085 1098 1180; baseline 0.003 -29"><span class='ocrx_word' id='word_1_51' title='bbox 30 1093 69 1151; x_wconf 91' lang='lat' dir='ltr'><strong>in</strong></span> <span class='ocrx_word' id='word_1_52' title='bbox 84 1085 305 1168; x_wconf 83' lang='lat' dir='ltr'><strong>Consulum,</strong></span> <span class='ocrx_word' id='word_1_53' title='bbox 335 1087 601 1176; x_wconf 77' lang='lat' dir='ltr'><strong>Praetornmque</strong></span> <span class='ocrx_word' id='word_1_54' title='bbox 621 1087 765 1156; x_wconf 90' lang='lat' dir='ltr'><strong>historia</strong></span> <span class='ocrx_word' id='word_1_55' title='bbox 787 1093 1014 1180; x_wconf 82' lang='lat' dir='ltr'><strong>percipimus,</strong></span> <span class='ocrx_word' id='word_1_56' title='bbox 1046 1087 1098 1156; x_wconf 89' lang='lat' dir='ltr'><strong>sic</strong></span> 
     </span>
     <span class='ocr_line' id='line_1_9' title="bbox 32 1185 1097 1282; baseline 0.002 -29"><span class='ocrx_word' id='word_1_57' title='bbox 32 1195 144 1282; x_wconf 78' lang='lat' dir='ltr'><strong>magis</strong></span> <span class='ocrx_word' id='word_1_58' title='bbox 160 1193 268 1255; x_wconf 85' lang='lat' dir='ltr'><strong>etiam</strong></span> <span class='ocrx_word' id='word_1_59' title='bbox 280 1187 456 1256; x_wconf 80' lang='lat' dir='ltr'><strong>Aedilibus</strong></span> <span class='ocrx_word' id='word_1_60' title='bbox 470 1191 557 1280; x_wconf 87' lang='lat' dir='ltr'><strong>ipsis</strong></span> <span class='ocrx_word' id='word_1_61' title='bbox 571 1193 826 1281; x_wconf 84' lang='lat' dir='ltr'><strong>comprobatur,</strong></span> <span class='ocrx_word' id='word_1_62' title='bbox 844 1195 897 1256; x_wconf 90' lang='lat' dir='ltr'><strong>uti</strong></span> <span class='ocrx_word' id='word_1_63' title='bbox 913 1185 1022 1279; x_wconf 86' lang='lat' dir='ltr'><strong>capita</strong></span> <span class='ocrx_word' id='word_1_64' title='bbox 1035 1207 1097 1255; x_wconf 79' lang='lat' dir='ltr'><strong>se-</strong></span> 
     </span>
     <span class='ocr_line' id='line_1_10' title="bbox 34 1295 1096 1386; baseline -0.004 -26"><span class='ocrx_word' id='word_1_65' title='bbox 34 1300 179 1382; x_wconf 89' lang='lat' dir='ltr'><strong>quentia</strong></span> <span class='ocrx_word' id='word_1_66' title='bbox 204 1295 507 1375; x_wconf 89' lang='lat' dir='ltr'><strong>demonstrabunt,</strong></span> <span class='ocrx_word' id='word_1_67' title='bbox 534 1297 599 1362; x_wconf 90' lang='lat' dir='ltr'><strong>etsi</strong></span> <span class='ocrx_word' id='word_1_68' title='bbox 618 1297 756 1382; x_wconf 89' lang='lat' dir='ltr'><strong>quidem</strong></span> <span class='ocrx_word' id='word_1_69' title='bbox 770 1307 890 1364; x_wconf 87' lang='lat' dir='ltr'><strong>nostra</strong></span> <span class='ocrx_word' id='word_1_70' title='bbox 904 1311 1009 1386; x_wconf 82' lang='lat' dir='ltr'><strong>opera</strong></span> <span class='ocrx_word' id='word_1_71' title='bbox 1020 1313 1096 1358; x_wconf 90' lang='lat' dir='ltr'><strong>non</strong></span> 
     </span>
     <span class='ocr_line' id='line_1_11' title="bbox 35 1397 1096 1468; baseline -0.003 -4"><span class='ocrx_word' id='word_1_72' title='bbox 35 1397 236 1465; x_wconf 87' lang='lat' dir='ltr'><strong>immolesta</strong></span> <span class='ocrx_word' id='word_1_73' title='bbox 257 1419 277 1464; x_wconf 91' lang='lat' dir='ltr'><strong>e</strong></span> <span class='ocrx_word' id='word_1_74' title='bbox 298 1397 539 1466; x_wconf 87' lang='lat' dir='ltr'><strong>diversissimis</strong></span> <span class='ocrx_word' id='word_1_75' title='bbox 561 1401 760 1468; x_wconf 87' lang='lat' dir='ltr'><strong>auctoribus</strong></span> <span class='ocrx_word' id='word_1_76' title='bbox 781 1419 820 1466; x_wconf 89' lang='lat' dir='ltr'><strong>ac</strong></span> <span class='ocrx_word' id='word_1_77' title='bbox 841 1403 926 1466; x_wconf 88' lang='lat' dir='ltr'><strong>iuris</strong></span> <span class='ocrx_word' id='word_1_78' title='bbox 948 1397 1096 1464; x_wconf 73' lang='lat' dir='ltr'><strong>Romami</strong></span> 
     </span>
     <span class='ocr_line' id='line_1_12' title="bbox 36 1497 1098 1594; baseline -0.004 -24"><span class='ocrx_word' id='word_1_79' title='bbox 36 1507 196 1570; x_wconf 83' lang='lat' dir='ltr'><strong>tontibus</strong></span> <span class='ocrx_word' id='word_1_80' title='bbox 221 1501 413 1592; x_wconf 82' lang='lat' dir='ltr'><strong>fragmenta</strong></span> <span class='ocrx_word' id='word_1_81' title='bbox 436 1501 570 1594; x_wconf 84' lang='lat' dir='ltr'><strong>singula</strong></span> <span class='ocrx_word' id='word_1_82' title='bbox 590 1513 757 1592; x_wconf 84' lang='lat' dir='ltr'><strong>notasque</strong></span> <span class='ocrx_word' id='word_1_83' title='bbox 777 1503 938 1594; x_wconf 82' lang='lat' dir='ltr'><strong>abruptas</strong></span> <span class='ocrx_word' id='word_1_84' title='bbox 950 1497 1098 1589; x_wconf 59' lang='lat' dir='ltr'><strong>collige*</strong></span> 
     </span>
     <span class='ocr_line' id='line_1_13' title="bbox 36 1603 978 1676; baseline -0.003 -3"><span class='ocrx_word' id='word_1_85' title='bbox 36 1629 153 1676; x_wconf 87' lang='lat' dir='ltr'><strong>remus</strong></span> <span class='ocrx_word' id='word_1_86' title='bbox 165 1603 405 1674; x_wconf 85' lang='lat' dir='ltr'><strong>necessefnit.</strong></span> <span class='ocrx_word' id='word_1_87' title='bbox 974 1607 978 1617; x_wconf 94' lang='lat'>&#39;</span> 
     </span>
    </p>

    <p class='ocr_par' dir='ltr' id='par_1_3' title="bbox 35 1701 1100 2720">
     <span class='ocr_line' id='line_1_14' title="bbox 118 1701 1098 1801; baseline -0.005 -25"><span class='ocrx_word' id='word_1_88' title='bbox 118 1709 175 1776; x_wconf 88' lang='lat' dir='ltr'><strong>Dc</strong></span> <span class='ocrx_word' id='word_1_89' title='bbox 204 1701 327 1797; x_wconf 84' lang='lat' dir='ltr'><strong>primis</strong></span> <span class='ocrx_word' id='word_1_90' title='bbox 353 1705 489 1795; x_wconf 88' lang='lat' dir='ltr'><strong>quidem</strong></span> <span class='ocrx_word' id='word_1_91' title='bbox 509 1709 722 1801; x_wconf 86' lang='lat' dir='ltr'><strong>temporibus</strong></span> <span class='ocrx_word' id='word_1_92' title='bbox 751 1705 867 1798; x_wconf 87' lang='lat' dir='ltr'><strong>paullo</strong></span> <span class='ocrx_word' id='word_1_93' title='bbox 901 1709 1098 1785; x_wconf 71' lang='lat' dir='ltr'><strong>obscurius,</strong></span> 
     </span>
     <span class='ocr_line' id='line_1_15' title="bbox 39 1802 1100 1902; baseline 0.001 -24"><span class='ocrx_word' id='word_1_94' title='bbox 39 1835 141 1900; x_wconf 85' lang='lat' dir='ltr'><strong>quam</strong></span> <span class='ocrx_word' id='word_1_95' title='bbox 161 1802 325 1882; x_wconf 63' lang='lat' dir='ltr'><strong>uoluntas</strong></span> <span class='ocrx_word' id='word_1_96' title='bbox 345 1813 520 1878; x_wconf 78' lang='lat' dir='ltr'><strong>auctorem</strong></span> <span class='ocrx_word' id='word_1_97' title='bbox 539 1812 659 1892; x_wconf 63' lang='lat' dir='ltr'><strong>duca,</strong></span> <span class='ocrx_word' id='word_1_98' title='bbox 685 1813 815 1880; x_wconf 83' lang='lat' dir='ltr'><strong>disseri</strong></span> <span class='ocrx_word' id='word_1_99' title='bbox 823 1823 978 1902; x_wconf 88' lang='lat' dir='ltr'><strong>oportet,</strong></span> <span class='ocrx_word' id='word_1_100' title='bbox 999 1811 1100 1902; x_wconf 82' lang='lat' dir='ltr'><strong>quud</strong></span> 
     </span>
     <span class='ocr_line' id='line_1_16' title="bbox 36 1917 1096 2011; baseline 0.001 -28"><span class='ocrx_word' id='word_1_101' title='bbox 36 1924 101 1983; x_wconf 88' lang='lat' dir='ltr'><strong>iam</strong></span> <span class='ocrx_word' id='word_1_102' title='bbox 121 1917 250 1985; x_wconf 88' lang='lat' dir='ltr'><strong>Livius</strong></span> <span class='ocrx_word' id='word_1_103' title='bbox 265 1917 292 2004; x_wconf 86' lang='lat'><strong>¹)</strong></span> <span class='ocrx_word' id='word_1_104' title='bbox 318 1939 388 1982; x_wconf 91' lang='lat' dir='ltr'><strong>non</strong></span> <span class='ocrx_word' id='word_1_105' title='bbox 406 1919 537 2006; x_wconf 88' lang='lat' dir='ltr'><strong>potuit,</strong></span> <span class='ocrx_word' id='word_1_106' title='bbox 558 1921 639 2006; x_wconf 89' lang='lat' dir='ltr'><strong>quin</strong></span> <span class='ocrx_word' id='word_1_107' title='bbox 653 1917 839 1986; x_wconf 67' lang='lat' dir='ltr'><strong>fateretur!</strong></span> <span class='ocrx_word' id='word_1_108' title='bbox 856 1937 934 2000; x_wconf 85' lang='lat' dir='ltr'><strong>„res</strong></span> <span class='ocrx_word' id='word_1_109' title='bbox 948 1923 1096 2011; x_wconf 78' lang='lat' dir='ltr'><strong>expositi</strong></span> 
     </span>
     <span class='ocr_line' id='line_1_17' title="bbox 36 2021 1097 2110; baseline 0.005 -26"><span class='ocrx_word' id='word_1_110' title='bbox 36 2043 145 2104; x_wconf 90' lang='lat' dir='ltr'><strong>quum</strong></span> <span class='ocrx_word' id='word_1_111' title='bbox 169 2027 342 2088; x_wconf 85' lang='lat' dir='ltr'><strong>vetustate</strong></span> <span class='ocrx_word' id='word_1_112' title='bbox 362 2025 467 2086; x_wconf 89' lang='lat' dir='ltr'><strong>nimia</strong></span> <span class='ocrx_word' id='word_1_113' title='bbox 487 2021 667 2102; x_wconf 89' lang='lat' dir='ltr'><strong>obscuras,</strong></span> <span class='ocrx_word' id='word_1_114' title='bbox 694 2041 779 2110; x_wconf 89' lang='lat' dir='ltr'><strong>quae</strong></span> <span class='ocrx_word' id='word_1_115' title='bbox 799 2045 909 2110; x_wconf 88' lang='lat' dir='ltr'><strong>neque</strong></span> <span class='ocrx_word' id='word_1_116' title='bbox 918 2031 966 2091; x_wconf 85' lang='lat' dir='ltr'><strong>&#39;ex</strong></span> <span class='ocrx_word' id='word_1_117' title='bbox 979 2027 1097 2092; x_wconf 86' lang='lat' dir='ltr'><strong>inter·-</strong></span> 
     </span>
     <span class='ocr_line' id='line_1_18' title="bbox 36 2123 1097 2218; baseline -0.001 -26"><span class='ocrx_word' id='word_1_118' title='bbox 36 2123 217 2192; x_wconf 73' lang='lat' dir='ltr'><strong>valoines</strong></span> <span class='ocrx_word' id='word_1_119' title='bbox 233 2125 294 2189; x_wconf 81' lang='lat' dir='ltr'><strong>vix</strong></span> <span class='ocrx_word' id='word_1_120' title='bbox 310 2135 516 2208; x_wconf 74' lang='lat' dir='ltr'><strong>comuntur3</strong></span> <span class='ocrx_word' id='word_1_121' title='bbox 537 2135 611 2190; x_wconf 89' lang='lat' dir='ltr'><strong>tum</strong></span> <span class='ocrx_word' id='word_1_122' title='bbox 626 2125 719 2212; x_wconf 88' lang='lat' dir='ltr'><strong>quod</strong></span> <span class='ocrx_word' id='word_1_123' title='bbox 732 2145 856 2216; x_wconf 87' lang='lat' dir='ltr'><strong>parvae</strong></span> <span class='ocrx_word' id='word_1_124' title='bbox 870 2139 904 2194; x_wconf 91' lang='lat' dir='ltr'><strong>et</strong></span> <span class='ocrx_word' id='word_1_125' title='bbox 922 2149 1017 2194; x_wconf 87' lang='lat' dir='ltr'><strong>rarae</strong></span> <span class='ocrx_word' id='word_1_126' title='bbox 1028 2147 1097 2218; x_wconf 81' lang='lat' dir='ltr'><strong>pei·</strong></span> 
     </span>
     <span class='ocr_line' id='line_1_19' title="bbox 36 2217 1098 2314; baseline 0.003 -22"><span class='ocrx_word' id='word_1_127' title='bbox 36 2229 159 2293; x_wconf 84' lang='lat' dir='ltr'><strong>eadem</strong></span> <span class='ocrx_word' id='word_1_128' title='bbox 173 2217 332 2314; x_wconf 85' lang='lat' dir='ltr'><strong>tempora</strong></span> <span class='ocrx_word' id='word_1_129' title='bbox 348 2220 484 2292; x_wconf 86' lang='lat' dir='ltr'><strong>litterae</strong></span> <span class='ocrx_word' id='word_1_130' title='bbox 500 2223 614 2304; x_wconf 83' lang='lat' dir='ltr'><strong>fuere,</strong></span> <span class='ocrx_word' id='word_1_131' title='bbox 640 2245 708 2292; x_wconf 89' lang='lat' dir='ltr'><strong>uua</strong></span> <span class='ocrx_word' id='word_1_132' title='bbox 728 2227 883 2294; x_wconf 87' lang='lat' dir='ltr'><strong>custodia</strong></span> <span class='ocrx_word' id='word_1_133' title='bbox 896 2225 1003 2296; x_wconf 83' lang='lat' dir='ltr'><strong>fidelia</strong></span> <span class='ocrx_word' id='word_1_134' title='bbox 1015 2249 1098 2295; x_wconf 52' lang='lat' dir='ltr'><strong>me»</strong></span> 
     </span>
     <span class='ocr_line' id='line_1_20' title="bbox 35 2329 1098 2418; baseline 0.004 -22"><span class='ocrx_word' id='word_1_135' title='bbox 35 2335 172 2410; x_wconf 84' lang='lat' dir='ltr'><strong>moriae</strong></span> <span class='ocrx_word' id='word_1_136' title='bbox 192 2339 513 2416; x_wconf 85' lang='lat' dir='ltr'><strong>rerumgestarum,</strong></span> <span class='ocrx_word' id='word_1_137' title='bbox 543 2340 578 2395; x_wconf 90' lang='lat' dir='ltr'><strong>et</strong></span> <span class='ocrx_word' id='word_1_138' title='bbox 591 2329 684 2416; x_wconf 82' lang='lat' dir='ltr'><strong>qudd</strong></span> <span class='ocrx_word' id='word_1_139' title='bbox 701 2334 834 2398; x_wconf 89' lang='lat' dir='ltr'><strong>etiamsi</strong></span> <span class='ocrx_word' id='word_1_140' title='bbox 847 2337 980 2418; x_wconf 86' lang='lat' dir='ltr'><strong>quaein</strong></span> <span class='ocrx_word' id='word_1_141' title='bbox 995 2354 1098 2400; x_wconf 88' lang='lat' dir='ltr'><strong>com--</strong></span> 
     </span>
     <span class='ocr_line' id='line_1_21' title="bbox 36 2421 1097 2522; baseline 0.002 -26"><span class='ocrx_word' id='word_1_142' title='bbox 36 2435 222 2499; x_wconf 84' lang='lat' dir='ltr'><strong>mentan&#39;is</strong></span> <span class='ocrx_word' id='word_1_143' title='bbox 243 2426 442 2518; x_wconf 87' lang='lat' dir='ltr'><strong>pontificum</strong></span> <span class='ocrx_word' id='word_1_144' title='bbox 458 2427 599 2516; x_wconf 84' lang='lat' dir='ltr'><strong>aliisque</strong></span> <span class='ocrx_word' id='word_1_145' title='bbox 612 2428 760 2522; x_wconf 83' lang='lat' dir='ltr'><strong>publicis</strong></span> <span class='ocrx_word' id='word_1_146' title='bbox 774 2437 982 2521; x_wconf 84' lang='lat' dir='ltr'><strong>privatisque</strong></span> <span class='ocrx_word' id='word_1_147' title='bbox 996 2421 1097 2504; x_wconf 77' lang='lat' dir='ltr'><strong>eraut,</strong></span> 
     </span>
     <span class='ocr_line' id='line_1_22' title="bbox 37 2529 1092 2624; baseline 0.002 -22"><span class='ocrx_word' id='word_1_148' title='bbox 37 2535 286 2610; x_wconf 89' lang='lat' dir='ltr'><strong>monumentis,</strong></span> <span class='ocrx_word' id='word_1_149' title='bbox 298 2535 437 2597; x_wconf 88' lang='lat' dir='ltr'><strong>incensa</strong></span> <span class='ocrx_word' id='word_1_150' title='bbox 450 2533 534 2597; x_wconf 92' lang='lat' dir='ltr'><strong>urbe</strong></span> <span class='ocrx_word' id='word_1_151' title='bbox 545 2529 726 2622; x_wconf 89' lang='lat' dir='ltr'><strong>pleraeque</strong></span> <span class='ocrx_word' id='word_1_152' title='bbox 738 2537 929 2604; x_wconf 85' lang='lat' dir='ltr'><strong>interiere.”</strong></span> <span class='ocrx_word' id='word_1_153' title='bbox 958 2535 1092 2624; x_wconf 88' lang='lat' dir='ltr'><strong>Quam·</strong></span> 
     </span>
     <span class='ocr_line' id='line_1_23' title="bbox 36 2631 1096 2720; baseline -0.001 -15"><span class='ocrx_word' id='word_1_154' title='bbox 36 2643 159 2705; x_wconf 89' lang='lat' dir='ltr'><strong>obrem</strong></span> <span class='ocrx_word' id='word_1_155' title='bbox 186 2635 231 2700; x_wconf 90' lang='lat' dir='ltr'><strong>de</strong></span> <span class='ocrx_word' id='word_1_156' title='bbox 252 2633 323 2712; x_wconf 93' lang='lat' dir='ltr'><strong>his,</strong></span> <span class='ocrx_word' id='word_1_157' title='bbox 359 2652 443 2720; x_wconf 87' lang='lat' dir='ltr'><strong>quae</strong></span> <span class='ocrx_word' id='word_1_158' title='bbox 464 2632 507 2698; x_wconf 88' lang='lat' dir='ltr'><strong>ad</strong></span> <span class='ocrx_word' id='word_1_159' title='bbox 528 2631 790 2700; x_wconf 88' lang='lat' dir='ltr'><strong>domesticarum</strong></span> <span class='ocrx_word' id='word_1_160' title='bbox 808 2657 923 2704; x_wconf 87' lang='lat' dir='ltr'><strong>rerum</strong></span> <span class='ocrx_word' id='word_1_161' title='bbox 944 2637 1096 2704; x_wconf 81' lang='lat' dir='ltr'><strong>admini-</strong></span> 
     </span>
    </p>
   </div>
   <div class='ocr_carea' id='block_1_3' title="bbox 38 2735 1203 2830">
    <p class='ocr_par' dir='ltr' id='par_1_4' title="bbox 38 2735 1203 2830">
     <span class='ocr_line' id='line_1_24' title="bbox 38 2735 1203 2830; baseline 0 -23"><span class='ocrx_word' id='word_1_162' title='bbox 38 2743 248 2807; x_wconf 83' lang='lat' dir='ltr'><strong>strationem</strong></span> <span class='ocrx_word' id='word_1_163' title='bbox 268 2735 331 2801; x_wconf 88' lang='lat' dir='ltr'><strong>sub</strong></span> <span class='ocrx_word' id='word_1_164' title='bbox 356 2735 492 2824; x_wconf 84' lang='lat' dir='ltr'><strong>regibus</strong></span> <span class='ocrx_word' id='word_1_165' title='bbox 512 2739 710 2824; x_wconf 85' lang='lat' dir='ltr'><strong>pertinent,</strong></span> <span class='ocrx_word' id='word_1_166' title='bbox 749 2743 954 2830; x_wconf 86' lang='lat' dir='ltr'><strong>paucissima</strong></span> <span class='ocrx_word' id='word_1_167' title='bbox 977 2741 1094 2824; x_wconf 88' lang='lat' dir='ltr'><strong>modu,</strong></span> <span class='ocrx_word' id='word_1_168' title='bbox 1201 2740 1203 2748; x_wconf 80' lang='lat'>&#39;</span> 
     </span>
    </p>
   </div>
   <div class='ocr_carea' id='block_1_4' title="bbox 37 2837 1093 3036">
    <p class='ocr_par' dir='ltr' id='par_1_5' title="bbox 37 2837 1093 3036">
     <span class='ocr_line' id='line_1_25' title="bbox 37 2837 1093 2938; baseline 0.001 -25"><span class='ocrx_word' id='word_1_169' title='bbox 37 2867 146 2932; x_wconf 87' lang='lat' dir='ltr'><strong>eaque</strong></span> <span class='ocrx_word' id='word_1_170' title='bbox 167 2845 277 2908; x_wconf 82' lang='lat' dir='ltr'><strong>etiam</strong></span> <span class='ocrx_word' id='word_1_171' title='bbox 295 2843 458 2906; x_wconf 85' lang='lat' dir='ltr'><strong>nonsine</strong></span> <span class='ocrx_word' id='word_1_172' title='bbox 477 2841 571 2906; x_wconf 86' lang='lat' dir='ltr'><strong>omni</strong></span> <span class='ocrx_word' id='word_1_173' title='bbox 592 2837 804 2910; x_wconf 82' lang='lat' dir='ltr'><strong>dubitatione</strong></span> <span class='ocrx_word' id='word_1_174' title='bbox 816 2850 974 2936; x_wconf 85' lang='lat' dir='ltr'><strong>exposita</strong></span> <span class='ocrx_word' id='word_1_175' title='bbox 989 2868 1093 2938; x_wconf 83' lang='lat' dir='ltr'><strong>prae-</strong></span> 
     </span>
     <span class='ocr_line' id='line_1_26' title="bbox 38 2941 1093 3036; baseline -0.006 -21"><span class='ocrx_word' id='word_1_176' title='bbox 38 2955 120 3018; x_wconf 87' lang='lat' dir='ltr'><strong>bere</strong></span> <span class='ocrx_word' id='word_1_177' title='bbox 134 2962 333 3036; x_wconf 86' lang='lat' dir='ltr'><strong>possumus.</strong></span> <span class='ocrx_word' id='word_1_178' title='bbox 375 2941 533 3008; x_wconf 78' lang='lat' dir='ltr'><strong>Attamen</strong></span> <span class='ocrx_word' id='word_1_179' title='bbox 545 2964 638 3008; x_wconf 89' lang='lat' dir='ltr'><strong>nunc</strong></span> <span class='ocrx_word' id='word_1_180' title='bbox 650 2957 746 3012; x_wconf 88' lang='lat' dir='ltr'><strong>certo</strong></span> <span class='ocrx_word' id='word_1_181' title='bbox 758 2946 926 3018; x_wconf 77' lang='lat' dir='ltr'><strong>affirmare</strong></span> <span class='ocrx_word' id='word_1_182' title='bbox 943 2946 1093 3036; x_wconf 71' lang='lat' dir='ltr'><strong>cononi),</strong></span> 
     </span>
    </p>
   </div>
   <div class='ocr_carea' id='block_1_5' title="bbox 38 3043 1094 3243">
    <p class='ocr_par' dir='ltr' id='par_1_6' title="bbox 38 3043 1094 3243">
     <span class='ocr_line' id='line_1_27' title="bbox 38 3043 1093 3136; baseline 0.002 -20"><span class='ocrx_word' id='word_1_183' title='bbox 38 3050 132 3117; x_wconf 87' lang='lat' dir='ltr'><strong>nulla</strong></span> <span class='ocrx_word' id='word_1_184' title='bbox 158 3049 296 3112; x_wconf 85' lang='lat' dir='ltr'><strong>ratione</strong></span> <span class='ocrx_word' id='word_1_185' title='bbox 315 3043 491 3110; x_wconf 82' lang='lat' dir='ltr'><strong>Aedilibus</strong></span> <span class='ocrx_word' id='word_1_186' title='bbox 512 3043 659 3112; x_wconf 90' lang='lat' dir='ltr'><strong>similem</strong></span> <span class='ocrx_word' id='word_1_187' title='bbox 678 3053 914 3136; x_wconf 84' lang='lat' dir='ltr'><strong>magistratum</strong></span> <span class='ocrx_word' id='word_1_188' title='bbox 926 3055 961 3116; x_wconf 90' lang='lat' dir='ltr'><strong>in</strong></span> <span class='ocrx_word' id='word_1_189' title='bbox 976 3054 1093 3118; x_wconf 88' lang='lat' dir='ltr'><strong>muni-</strong></span> 
     </span>
     <span class='ocr_line' id='line_1_28' title="bbox 39 3144 1094 3243; baseline -0.001 -23"><span class='ocrx_word' id='word_1_190' title='bbox 39 3157 103 3220; x_wconf 87' lang='lat' dir='ltr'><strong>bus</strong></span> <span class='ocrx_word' id='word_1_191' title='bbox 124 3163 208 3243; x_wconf 78' lang='lat' dir='ltr'><strong>tam</strong></span> <span class='ocrx_word' id='word_1_192' title='bbox 236 3157 329 3212; x_wconf 88' lang='lat' dir='ltr'><strong>arcte</strong></span> <span class='ocrx_word' id='word_1_193' title='bbox 358 3144 504 3212; x_wconf 87' lang='lat' dir='ltr'><strong>definitis</strong></span> <span class='ocrx_word' id='word_1_194' title='bbox 532 3150 600 3212; x_wconf 87' lang='lat' dir='ltr'><strong>iam</strong></span> <span class='ocrx_word' id='word_1_195' title='bbox 626 3159 701 3214; x_wconf 90' lang='lat' dir='ltr'><strong>tum</strong></span> <span class='ocrx_word' id='word_1_196' title='bbox 719 3157 885 3238; x_wconf 89' lang='lat' dir='ltr'><strong>temporis</strong></span> <span class='ocrx_word' id='word_1_197' title='bbox 906 3158 1094 3234; x_wconf 87' lang='lat' dir='ltr'><strong>exstitisse,</strong></span> 
     </span>
    </p>
   </div>
   <div class='ocr_carea' id='block_1_6' title="bbox 40 3249 1093 3466">
    <p class='ocr_par' dir='ltr' id='par_1_7' title="bbox 40 3249 1093 3466">
     <span class='ocr_line' id='line_1_29' title="bbox 40 3249 1093 3342; baseline 0.002 -20"><span class='ocrx_word' id='word_1_198' title='bbox 40 3261 253 3336; x_wconf 88' lang='lat' dir='ltr'><strong>minimeque</strong></span> <span class='ocrx_word' id='word_1_199' title='bbox 280 3249 383 3316; x_wconf 86' lang='lat' dir='ltr'><strong>talem</strong></span> <span class='ocrx_word' id='word_1_200' title='bbox 413 3255 648 3340; x_wconf 72' lang='lat' dir='ltr'><strong>magistratum</strong></span> <span class='ocrx_word' id='word_1_201' title='bbox 683 3257 836 3342; x_wconf 87' lang='lat' dir='ltr'><strong>potuisse</strong></span> <span class='ocrx_word' id='word_1_202' title='bbox 864 3255 998 3324; x_wconf 81' lang='lat' dir='ltr'><strong>Aedilis</strong></span> <span class='ocrx_word' id='word_1_203' title='bbox 1024 3281 1093 3324; x_wconf 83' lang='lat' dir='ltr'><strong>no-</strong></span> 
     </span>
     <span class='ocr_line' id='line_1_30' title="bbox 40 3351 1092 3466; baseline -0.011 -36"><span class='ocrx_word' id='word_1_204' title='bbox 40 3370 133 3430; x_wconf 88' lang='lat' dir='ltr'><strong>mine</strong></span> <span class='ocrx_word' id='word_1_205' title='bbox 152 3359 283 3424; x_wconf 86' lang='lat' dir='ltr'><strong>ornari.</strong></span> <span class='ocrx_word' id='word_1_206' title='bbox 341 3351 474 3440; x_wconf 79' lang='lat' dir='ltr'><strong>Quodsi</strong></span> <span class='ocrx_word' id='word_1_207' title='bbox 506 3359 597 3420; x_wconf 89' lang='lat' dir='ltr'><strong>enim</strong></span> <span class='ocrx_word' id='word_1_208' title='bbox 611 3354 820 3424; x_wconf 89' lang='lat' dir='ltr'><strong>Niebuhrius</strong></span> <span class='ocrx_word' id='word_1_209' title='bbox 834 3355 862 3444; x_wconf 71' lang='grc'><strong>4)</strong></span> <span class='ocrx_word' id='word_1_210' title='bbox 890 3373 924 3436; x_wconf 75' lang='lat' dir='ltr'><strong>et</strong></span> <span class='ocrx_word' id='word_1_211' title='bbox 945 3361 1092 3466; x_wconf 57' lang='lat' dir='ltr'><strong>Dirkse3</strong></span> 
     </span>
    </p>
   </div>
   <div class='ocr_carea' id='block_1_7' title="bbox 45 3520 290 3549">
    <p class='ocr_par' dir='ltr' id='par_1_8' title="bbox 45 3520 290 3549">
     <span class='ocr_line' id='line_1_31' title="bbox 45 3520 290 3549; baseline -0.016 -3"><span class='ocrx_word' id='word_1_212' title='bbox 45 3520 290 3549; x_wconf 63' lang='lat' dir='ltr'><strong>..uana-‚-</strong></span> 
     </span>
    </p>
   </div>
   <div class='ocr_carea' id='block_1_8' title="bbox 110 3627 1140 3810">
    <p class='ocr_par' dir='ltr' id='par_1_9' title="bbox 110 3627 1140 3810">
     <span class='ocr_line' id='line_1_32' title="bbox 110 3627 1140 3714; baseline -0.006 -30"><span class='ocrx_word' id='word_1_213' title='bbox 110 3635 139 3700; x_wconf 78' lang='lat'><strong>2)</strong></span> <span class='ocrx_word' id='word_1_214' title='bbox 162 3629 230 3684; x_wconf 83' lang='lat' dir='ltr'><strong>Lib.</strong></span> <span class='ocrx_word' id='word_1_215' title='bbox 246 3627 295 3680; x_wconf 81' lang='lat' dir='ltr'><strong>Vl.</strong></span> <span class='ocrx_word' id='word_1_216' title='bbox 315 3642 379 3696; x_wconf 82' lang='lat' dir='ltr'><strong>cap.</strong></span> <span class='ocrx_word' id='word_1_217' title='bbox 400 3645 424 3680; x_wconf 86' lang='grc' dir='ltr'><strong>ι.</strong></span> <span class='ocrx_word' id='word_1_218' title='bbox 540 3634 544 3643; x_wconf 93' lang='grc'><strong>“</strong></span> <span class='ocrx_word' id='word_1_219' title='bbox 1138 3709 1140 3714; x_wconf 28' lang='grc' dir='ltr'>Ι</span> 
     </span>
     <span class='ocr_line' id='line_1_33' title="bbox 112 3731 1090 3810; baseline 0.006 -20"><span class='ocrx_word' id='word_1_220' title='bbox 112 3742 144 3810; x_wconf 73' lang='lat'><strong>⁵)</strong></span> <span class='ocrx_word' id='word_1_221' title='bbox 162 3737 248 3790; x_wconf 83' lang='lat' dir='ltr'><strong>Hauc</strong></span> <span class='ocrx_word' id='word_1_222' title='bbox 260 3749 324 3786; x_wconf 82' lang='lat' dir='ltr'><strong>rem</strong></span> <span class='ocrx_word' id='word_1_223' title='bbox 340 3731 399 3784; x_wconf 81' lang='lat' dir='ltr'><strong>iem</strong></span> <span class='ocrx_word' id='word_1_224' title='bbox 412 3731 444 3784; x_wconf 88' lang='lat' dir='ltr'><strong>iu</strong></span> <span class='ocrx_word' id='word_1_225' title='bbox 459 3745 524 3782; x_wconf 86' lang='lat' dir='ltr'><strong>meo</strong></span> <span class='ocrx_word' id='word_1_226' title='bbox 538 3731 696 3802; x_wconf 83' lang='lat' dir='ltr'><strong>prodromo</strong></span> <span class='ocrx_word' id='word_1_227' title='bbox 711 3733 747 3788; x_wconf 85' lang='lat' dir='ltr'><strong>de</strong></span> <span class='ocrx_word' id='word_1_228' title='bbox 765 3737 967 3796; x_wconf 81' lang='lat' dir='ltr'><strong>Romanorum</strong></span> <span class='ocrx_word' id='word_1_229' title='bbox 980 3741 1090 3796; x_wconf 81' lang='lat' dir='ltr'><strong>Aedili-</strong></span> 
     </span>
    </p>
   </div>
   <div class='ocr_carea' id='block_1_9' title="bbox 41 3813 1209 3902">
    <p class='ocr_par' dir='ltr' id='par_1_10' title="bbox 41 3813 1209 3902">
     <span class='ocr_line' id='line_1_34' title="bbox 41 3813 1209 3902; baseline 0.018 -37"><span class='ocrx_word' id='word_1_230' title='bbox 41 3829 212 3898; x_wconf 55' lang='lat' dir='ltr'><strong>huss-1823·</strong></span> <span class='ocrx_word' id='word_1_231' title='bbox 233 3817 290 3881; x_wconf 74' lang='lat' dir='ltr'><strong>&#39;svo</strong></span> <span class='ocrx_word' id='word_1_232' title='bbox 315 3816 419 3888; x_wconf 75' lang='lat' dir='ltr'><strong>attigi,</strong></span> <span class='ocrx_word' id='word_1_233' title='bbox 446 3833 532 3888; x_wconf 84' lang='lat' dir='ltr'><strong>quem</strong></span> <span class='ocrx_word' id='word_1_234' title='bbox 550 3827 649 3871; x_wconf 84' lang='lat' dir='ltr'><strong>autem</strong></span> <span class='ocrx_word' id='word_1_235' title='bbox 670 3836 766 3890; x_wconf 88' lang='lat' dir='ltr'><strong>nunu,</strong></span> <span class='ocrx_word' id='word_1_236' title='bbox 791 3832 823 3878; x_wconf 92' lang='lat' dir='ltr'><strong>ut</strong></span> <span class='ocrx_word' id='word_1_237' title='bbox 840 3842 894 3896; x_wconf 83' lang='lat' dir='ltr'><strong>per</strong></span> <span class='ocrx_word' id='word_1_238' title='bbox 913 3843 945 3878; x_wconf 81' lang='lat' dir='ltr'><strong>ae</strong></span> <span class='ocrx_word' id='word_1_239' title='bbox 968 3813 1092 3902; x_wconf 75' lang='lat' dir='ltr'><strong>intelligi</strong></span> <span class='ocrx_word' id='word_1_240' title='bbox 1203 3839 1209 3862; x_wconf 76' lang='lat'>²</span> 
     </span>
    </p>
   </div>
   <div class='ocr_carea' id='block_1_10' title="bbox 40 3905 1112 3984">
    <p class='ocr_par' dir='ltr' id='par_1_11' title="bbox 40 3905 1112 3984">
     <span class='ocr_line' id='line_1_35' title="bbox 40 3905 1112 3984; baseline 0.002 -18"><span class='ocrx_word' id='word_1_241' title='bbox 40 3919 159 3984; x_wconf 86' lang='lat' dir='ltr'><strong>potest,</strong></span> <span class='ocrx_word' id='word_1_242' title='bbox 175 3908 284 3979; x_wconf 85' lang='lat' dir='ltr'><strong>partim</strong></span> <span class='ocrx_word' id='word_1_243' title='bbox 297 3905 479 3972; x_wconf 85' lang='lat' dir='ltr'><strong>describens,</strong></span> <span class='ocrx_word' id='word_1_244' title='bbox 500 3905 607 3972; x_wconf 83' lang='lat' dir='ltr'><strong>partim</strong></span> <span class='ocrx_word' id='word_1_245' title='bbox 625 3909 784 3963; x_wconf 80' lang='lat' dir='ltr'><strong>emandans</strong></span> <span class='ocrx_word' id='word_1_246' title='bbox 798 3911 844 3964; x_wconf 82' lang='lat' dir='ltr'><strong>his</strong></span> <span class='ocrx_word' id='word_1_247' title='bbox 857 3911 939 3967; x_wconf 83' lang='lat' dir='ltr'><strong>libris</strong></span> <span class='ocrx_word' id='word_1_248' title='bbox 953 3917 1070 3972; x_wconf 87' lang='lat' dir='ltr'><strong>involvi.</strong></span> <span class='ocrx_word' id='word_1_249' title='bbox 1089 3957 1092 3966; x_wconf 86' lang='lat'><em>.</em></span> <span class='ocrx_word' id='word_1_250' title='bbox 1108 3951 1112 3960; x_wconf 85' lang='lat'><em>-</em></span> 
     </span>
    </p>
   </div>
   <div class='ocr_carea' id='block_1_11' title="bbox 43 4007 1207 4179">
    <p class='ocr_par' dir='ltr' id='par_1_12' title="bbox 43 4007 1207 4179">
     <span class='ocr_line' id='line_1_36' title="bbox 111 4007 1207 4097; baseline 0.002 -29"><span class='ocrx_word' id='word_1_251' title='bbox 111 4011 329 4083; x_wconf 73' lang='lat' dir='ltr'><strong>4),Riimische</strong></span> <span class='ocrx_word' id='word_1_252' title='bbox 363 4007 541 4061; x_wconf 85' lang='lat' dir='ltr'><strong>Geschichte</strong></span> <span class='ocrx_word' id='word_1_253' title='bbox 559 4009 584 4064; x_wconf 91' lang='lat' dir='ltr'><strong>I.</strong></span> <span class='ocrx_word' id='word_1_254' title='bbox 617 4027 685 4081; x_wconf 75' lang='lat' dir='ltr'><strong>pag.</strong></span> <span class='ocrx_word' id='word_1_255' title='bbox 707 4029 774 4082; x_wconf 70' lang='lat'><strong>425:</strong></span> <span class='ocrx_word' id='word_1_256' title='bbox 814 4017 1091 4087; x_wconf 84' lang='lat' dir='ltr'><strong>„Eigentbiimliche</strong></span> <span class='ocrx_word' id='word_1_257' title='bbox 1178 4084 1207 4097; x_wconf 25' lang='grc' dir='ltr'>Ἡ</span> 
     </span>
     <span class='ocr_line' id='line_1_37' title="bbox 43 4095 1191 4179; baseline 0.002 -21"><span class='ocrx_word' id='word_1_258' title='bbox 43 4099 240 4173; x_wconf 83' lang='lat' dir='ltr'><strong>Obrigkeiten</strong></span> <span class='ocrx_word' id='word_1_259' title='bbox 259 4095 313 4152; x_wconf 66' lang='lat' dir='ltr'><strong>‘des</strong></span> <span class='ocrx_word' id='word_1_260' title='bbox 333 4095 444 4150; x_wconf 82' lang='lat' dir='ltr'><strong>anks</strong></span> <span class='ocrx_word' id='word_1_261' title='bbox 463 4111 561 4178; x_wconf 62' lang='lat' dir='ltr'><strong>mareu</strong></span> <span class='ocrx_word' id='word_1_262' title='bbox 582 4097 631 4150; x_wconf 84' lang='lat' dir='ltr'><strong>die</strong></span> <span class='ocrx_word' id='word_1_263' title='bbox 649 4099 783 4170; x_wconf 75' lang='lat' dir='ltr'><strong>aediles,</strong></span> <span class='ocrx_word' id='word_1_264' title='bbox 813 4104 900 4158; x_wconf 83' lang='lat' dir='ltr'><strong>deren</strong></span> <span class='ocrx_word' id='word_1_265' title='bbox 915 4107 1092 4179; x_wconf 77' lang='lat' dir='ltr'><strong>Einseta&#39;ung</strong></span> <span class='ocrx_word' id='word_1_266' title='bbox 1185 4107 1191 4126; x_wconf 72' lang='lat'>⁸</span> 
     </span>
    </p>
   </div>
   <div class='ocr_carea' id='block_1_12' title="bbox 0 0 1332 4710">
    <p class='ocr_par' dir='ltr' id='par_1_13' title="bbox 0 0 1332 4710">
     <span class='ocr_line' id='line_1_38' title="bbox 0 0 1332 4710; baseline 0 0"><span class='ocrx_word' id='word_1_267' title='bbox 0 0 1332 4710; x_wconf 95' lang='lat' dir='ltr'><strong> </strong></span> 
     </span>
    </p>
   </div>
  </div>
 </body>
</html>
