2610 4712
371 199 729 296 mouetur.
827 263 830 273 ·
1002 223 1068 292 ao
1164 229 1168 244 ·

48 411 250 472 mniectorae
262 405 438 484 obtrudat,
454 417 493 471 ut
505 401 559 470 his
573 405 709 490 quidem
723 405 835 472 verbis
852 395 1067 482 ,mesimiana

46 509 139 572 anuali
152 510 230 596 lege
243 515 455 598 magistratus
467 515 648 575 servanto”
665 508 802 592 creandi
814 527 951 572 normae
964 519 1069 576 uetu-

45 616 200 680 stissimae
222 616 349 676 mentio
369 612 457 676 iacta
477 616 531 678 sit
576 611 662 674 Nam
682 613 868 676 accuratius
887 607 975 674 hanc
993 629 1067 674 rem

44 717 264 800 perscrutanti
278 716 415 778 minime
432 714 566 776 moneri
584 709 708 787 debet,
724 731 870 794 quonam
889 709 991 774 modo
1005 707 1067 774 Ct-

45 805 115 880 ccro'
126 821 161 878 in
177 837 310 900 quaque
325 815 424 880 huius
437 813 503 879 loci
517 813 660 902 periodo
673 815 906 898 antiquitatem
922 825 956 880 et
968 831 1068 880 suum

45 940 149 986 aevum
165 923 422 1005 permiscuerit‚
452 931 612 1002 certoque
629 921 664 982 in
680 918 834 1004 petendis
848 917 1067 1004 creandisquo

43 1023 284 1105 magistratibus
316 1019 550 1086 tautummodo
584 1017 691 1113 legem
718 1018 871 1097 Villium,
911 1023 1068 1108 inprimis

44 1125 230 1190 annalem
252 1127 289 1209 ¹²)
319 1125 459 1201 dictam,
497 1127 695 1210 respexerit.
720 1191 724 1199 ,
756 1122 858 1206 Quod
885 1133 997 1190 autem
1024 1121 1068 1190 de

45 1231 193 1314 Scipione
216 1225 376 1290 Africano
403 1225 534 1289 Maiore
561 1235 736 1302 narratur,
769 1225 940 1290 Tribunos
959 1222 1068 1313 plebis
1096 1213 1111 1224 ⁸
1161 1277 1165 1296 .
1213 1209 1217 1234 ⁵

45 1329 110 1393 huic
132 1327 351 1404 Aedilitatem
382 1331 511 1416 petenti
537 1328 727 1404 obstitisse,
768 1339 868 1412 atquc
893 1331 1068 1416 negavisse

45 1435 228 1508 „rationem
243 1433 315 1493 eius
329 1425 514 1492 habendam
527 1445 619 1504 esse,
646 1427 737 1510 quod
749 1427 900 1494 nortdum
921 1429 969 1494 ad
989 1451 1069 1518 pe·-
1247 1514 1253 1527 Ι

45 1533 204 1596 tendum
226 1530 418 1619 legitima
438 1540 556 1594 aetas
580 1529 758 1612 esset’'¹³),
786 1551 857 1594 non
878 1543 995 1594 contra
1012 1549 1067 1596 me
1160 1553 1165 1576 ¹

46 1631 131 1710 lacit,
159 1655 272 1716 neque
289 1631 501 1714 Aediiitatem
518 1635 584 1694 iam
606 1629 671 1696 hoc
685 1643 836 1720 tempore
853 1637 949 1700 annis
966 1635 1067 1700 certis
1091 1636 1094 1646 '
1121 1625 1125 1634 ’

48 1733 289 1798 circumclusam
318 1732 486 1815 ostendit3
527 1733 588 1797 sed
613 1731 699 1796 nibil
723 1731 814 1798 aliud
844 1733 1067 1812 demonstrat,

47 1855 130 1916 quam
145 1835 240 1920 quod
255 1834 387 1922 Scipio,
409 1846 482 1898 tum
496 1833 630 1898 demum
646 1853 771 1898 annum
784 1838 979 1904 vicesimum
993 1849 1068 1903 ter-

48 1939 117 1998 tium
136 1939 250 2000 iniens
263 1935 317 2020 14),
346 1937 484 1998 cannino
508 1931 593 1998 nulli
615 1937 749 1998 niuneri
764 1938 799 1998 in
818 1935 993 2024 republica
1006 1935 1069 2002 ad-

45 2029 311 2106 ministranda-
331 2041 386 2103 cui
400 2039 542 2102 Tribuni
556 2035 710 2102 militaris
724 2038 886 2124 dignitas,
912 2059 978 2124 qna
991 2039 1070 2104 Sci·
1115 2101 1119 2107 .

48 2148 94 2228 pio
105 2148 173 2208 iam
184 2153 322 2208 ornatus
338 2152 421 2216 erat,
439 2161 508 2204 nou
519 2139 665 2204 adscribi
679 2153 791 2228 potest
805 2179 844 2194 -
854 2139 1067 2238 'capessendo

47 2259 184 2312 maturus
212 2247 280 2312 dici
300 2253 432 2332 posset,
472 2265 576 2328 quum
603 2237 786 2308 nondum
813 2245 957 2312 decem
983 2249 1068 2312 sti·

49 2352 186 2434 pendia
215 2347 428 2414 militaria
448 2367 584 2412 annua
604 2341 837 2434 praestitisset.
887 2347 1067 2416 Caeterum

49 2473 108 2518 mea
126 2457 259 2543 opinio,
288 2449 405 2516 saltem
427 2449 518 2533 quod
538 2449 579 2512 ad
600 2448 752 2536 singulos
771 2453 985 2538 magistratus
1005 2473 1068 2518 eo-

50 2571 176 2641 rumque
208 2555 531 2618 administrationem
558 2557 594 2616 in
623 2552 753 2618 duobus
780 2559 876 2654 annis
908 2557 1068 2646 deinceps

49 2659 252 2741 sequentibus
274 2657 486 2718 coniunctam
509 2664 654 2740 spectat,
679 2673 747 2716 non
770 2660 884 2741 paucis
907 2677 1068 2752 compro-

50 2756 133 2822 batur
147 2756 329 2846 exemplis,
357 2768 391 2822 et
402 2759 450 2831 ita
461 2756 615 2842 quidem,
643 2760 728 2822 utin
743 2755 797 2822 his
812 2760 979 2843 quoddam
994 2765 1072 2826 siu-

49 2861 167 2945 gulare,
199 2866 295 2946 quasi
314 2871 433 2924 contra
448 2879 584 2924 'morem
599 2859 768 2945 vulgarem
782 2863 819 2926 id
833 2861 958 2929 factum
970 2875 1072 2942 esset,

51 2987 197 3051 nusquam
222 2965 417 3029 adnotatum
444 2961 583 3048 legatur.
647 2963 704 3044 Sic
721 2985 762 3030 ra.
788 2967 849 3031 215
879 2987 907 3031 a.
929 2965 1008 3034 Chr.
1034 2987 1069 3032 n.
1108 2965 1111 2978 ‘

16 3139 17 3160 ζ
53 3066 84 3148 Q.
95 3069 233 3144 Fabius,
263 3069 408 3150 qui-tum
421 3064 549 3129 Aedilis
564 3061 700 3129 Curulis
713 3079 799 3144 erat,
826 3070 861 3133 in
875 3053 1085 3160 proximum⁸

53 3189 158 3238 anuum
183 3171 323 3237 Praetor
346 3168 383 3240 fit
397 3168 449 3251 ¹⁵);
483 3187 512 3230 a.
534 3172 687 3250 sequenti
708 3173 771 3234 214
792 3169 828 3234 P.
850 3172 1070 3261 Sempronius

53 3269 224 3340 Tuditanus
242 3285 276 3340 et
297 3271 355 3338 Cn.
370 3267 507 3336 Fulvius
526 3265 742 3337 Centumalus
761 3273 876 3341 eadem
890 3273 1070 3344 Aedilitatc

57 3437 268 3458 ffl-

114 3520 155 3602 1'2)
178 3533 277 3602 Quare
291 3525 376 3579 huius
388 3529 474 3578 etiarn
487 3524 643 3594 rogationis
657 3537 759 3584 auctor
776 3547 938 3602 cognomen
951 3523 1082 3590 tuna?
1099 3529 1107 3542 ’

54 3618 90 3674 lis
104 3625 133 3682 in
147 3627 318 3696 perpetuum
332 3613 460 3668 familiae
475 3629 543 3668 suec
557 3613 683 3669 inditum
693 3617 831 3690 reliquit,
855 3619 912 3677 vid.
930 3619 994 3678 Lis.
1007 3621 1071 3678 XLt

56 3725 75 3764 ὓ,
117 3753 123 3766 .

87 3731 151 3886 4515]
171 3814 234 3868 Lis.
252 3811 338 3868 XXV.
357 3826 383 3862 s.
398 3826 427 3866 a·

110 3923 151 3988 ¹4)
171 3915 256 3971 Couf.
273 3887 431 3994 Uindilli.
450 3929 476 3968 c.
490 3915 525 3984 46
537 3922 566 3967 et
578 3913 679 3974 XXVI.
700 3931 725 3972 o.
741 3925 783 3983 ιε,
862 3921 866 3934 ’

113 4031 155 4101 15)
172 4021 234 4084 Lit·
250 4025 350 4081 xxiv,
371 4039 395 4076 c.
409 4039 436 4094 q.
658 4029 661 4034 ·
