2610 4712
270 217 276 231 '
342 219 489 380 mna
531 248 736 318 cenvu.
789 337 796 366 Ι
989 253 1051 320 en

35 417 275 488 rumAedssium
296 427 435 512 vestigia
456 435 701 492 evanescerent.
743 420 852 488 Valde
872 423 977 510 igitur
992 445 1053 490 ea-

34 523 158 588 vendum
170 535 249 602 est,
270 547 314 590 ne
332 526 469 594 Aediles
488 531 523 591 in
537 528 816 615 inscriptionibus
832 525 886 596 vel
900 527 1052 594 lontibus

34 626 165 690 iuridicis
179 630 253 692 sive
269 627 521 706 ecclesiasticis,
532 690 535 703 ,
548 627 658 694 adhuc
676 632 844 716 posterius
859 631 894 690 in
907 626 1051 694 diversis

34 729 209 795 muneribus
236 729 508 797 administrandis
530 753 599 796 non
622 751 700 796 raro
717 742 951 804 occurrentes,
977 721 1052 794 ll'o-

34 849 91 892 mae
109 827 161 894 his
188 835 282 896 curis
295 831 430 898 functos
445 851 517 898 esse
540 853 751 910 censeamus,
782 831 859 910 sed,
887 831 977 914 quod
992 835 1051 894 in·-

34 938 190 1019 vcstigatio
214 943 401 1002 accuratior
424 957 556 1030 semper
569 943 667 1008 nobie
682 939 943 1014 demonstrabit,
966 957 1048 1002 mu·

32 1038 144 1124 nicipiis
161 1035 342 1106 coloniisvc
356 1041 562 1107 vindicemus
581 1043 665 1128 ¹⁴⁰).,

572 1139 576 1146 ’
966 1135 975 1170 Ι

34 1255 131 1323 quidem
141 1259 187 1310 rei
201 1269 285 1312 tuate
299 1279 369 1316 otuu
382 1262 438 1318 init
458 1261 634 1332 meroribus,
657 1273 690 1318 ut
709 1279 766 1320 non
781 1261 874 1316 tolum
888 1263 916 1314 io
930 1263 1046 1336 empti·-

34 1345 98 1398 riuie
115 1349 332 1417 magistratibus
353 1353 562 1422 adipiscendia,
588 1354 640 1408 ud
654 1355 684 1406 iu
700 1350 847 1406 Praetoris
865 1365 980 1422 quoque
995 1361 1047 1406 aut

34 1440 219 1496 Aedilitatibuc
231 1447 412 1516 capescendis
426 1457 506 1502 netu
519 1458 649 1518 spectata
665 1447 703 1500 ait
718 1443 905 1516 petitorum.‘’

87 1549 144 1614 ιφ)
162 1549 226 1618 Quo
247 1547 279 1602 in
296 1561 469 1620 argumento
490 1553 607 1608 Ottonie
628 1551 772 1604 diruerant.
796 1547 831 1599 de
850 1545 911 1614 hia,
936 1545 986 1616 qul
1004 1547 1043 1602 ab

35 1629 166 1686 dedilitate
190 1651 366 1692 excurentur
390 1641 438 1710 (de
457 1643 548 1696 Aedil.
570 1641 673 1696 Colon.
693 1655 754 1708 asp.
773 1637 817 1706 6.)
838 1621 898 1692 km'
918 1636 1044 1694 multum

36 1715 135 1788 collegit
148 1737 182 1773 ae
193 1725 367 1802 composuit.
