2590 4718
373 1212 507 1288 CAP:
524 1213 591 1286 III.

30 1373 61 1438 n
78 1375 306 1446 ucuonaa
331 1381 475 1461 auca,
501 1371 827 1458 Aaoaauouns,
857 1373 997 1444 Asat-

31 1475 119 1546 urus
152 1483 479 1570 srurnrausoua
521 1477 813 1552 cnaacouuu
854 1477 997 1546 uaci-

41 1579 252 1664 suuruus,
276 1587 479 1654 incuruis
502 1586 625 1670 arun
646 1581 973 1652 transmissas.

32 1803 98 1936 Multo
107 1847 231 1932 quidem
242 1849 368 1942 largius
383 1849 700 1946 huicdisquisitioni
715 1845 821 1915 fluunt
828 1845 995 1928 fonteS‚.si
1101 1907 1104 1915 .

33 1961 283 2039 uncomparamus
304 1980 379 2021 cum
400 1961 529 2045 priore:
560 1969 595 2022 at
608 1969 769 2040 quantum
788 1953 995 2019 desideratur

31 2039 89 2108 adhuc
104 2054 131 2112 in
142 2059 316 2122 notissima
330 2055 538 2124 Graecorum
553 2057 703 2134 civitate,
729 2051 995 2132 Atheniensium,

32 2145 196 2230 iplenorem
224 2155 328 2224 ullius
352 2161 484 2248 generis
503 2159 715 2244 magistratus
736 2161 995 2224 commentatio-

30 2240 258 2345 uncompouere
279 2261 508 2352 aggredimur!
551 2261 654 2347 Quod
682 2261 897 2332 vereeodem
917 2265 996 2328 ani-

31 2369 58 2413 mo
70 2377 214 2430 senserunt
234 2367 301 2430 viri
321 2371 463 2454 egregii,
490 2369 546 2452 qui
566 2387 608 2430 ex
622 2359 737 2430 seculo
754 2362 885 2430 decimo
899 2377 995 2430 sexto

31 2449 225 2530 tibraecorum
240 2471 453 2552 antiquitates
473 2471 537 2532 civ
548 2463 628 2534 iles
650 2465 907 2554 perscrutandas
923 2465 997 2532 cla·

31 2554 109 2639 iusque
125 2568 332 2653 exponendas
355 2567 461 2633 studia
483 2587 541 2634 sua
561 2567 774 2632 direxerunt:
802 2571 890 2632 inter
910 2589 994 2656 quos

29 2673 71 2738 prae
86 2673 182 2734 ceteris
203 2671 361 2757 Sigonius
383 2684 417 2736 et
435 2669 606 2754 Meursjius
626 2689 669 2734 ex
690 2673 934 2756 antiquioribus
951 2673 995 2735 ob

29 2775 133 2847 magnam,
157 2776 219 2838 etsi
242 2772 361 2838 rudem
381 2794 419 2838 ac
443 2775 718 2860 incompositam,
748 2769 920 2838 doctrinae
935 2795 996 2838 co-

28 2859 87 2939 tim,
102 2891 135 2942 ea
146 2871 390 2939 iecentioribus
409 2874 447 2938 A.
463 2869 671 2950 Boeckhius‚
695 2869 871 2940 Eduardus
886 2871 995 2940 Meie-

29 2971 58 3020 ru
72 2977 142 3050 atque
160 2971 353 3061 Fpidericus
374 2969 628 3038 Schoemanuus
646 2970 684 3057 ¹),
713 2975 861 3059 primurn
881 2967 994 3038 locum

30 3055 47 3115 it
56 3057 94 3127 hae
107 3068 284 3140 litterarum
302 3079 476 3162 provincia
505 3085 724 3160 occupantes,
766 3079 998 3162 nominentur.¹

33 3149 164 3258 imovero
175 3195 332 3264 magnum
348 3173 496 3241 fructum
513 3199 556 3242 ex
575 3175 697 3240 horum
714 3179 871 3262 operibus
886 3177 996 3242 Grae-

33 3269 189 3343 C⁰¹11111⁴titae
213 3277 370 3366 politicae
392 3282 541 3368 cognitio
561 3279 769 3366 perceperit,
789 3278 994 3368 ¹modestum

446 3391 456 3417 b

31 3417 183 3452 'Nn-.-

322 3485 327 3494 ·
691 3487 694 3508 t

68 3527 84 3587 1)
106 3528 271 3598 Quibuscum
291 3533 395 3604 reliqui
415 3548 531 3604 quoque
553 3543 703 3604 auctores,
735 3537 785 3605 qui
804 3537 914 3594 duabus
933 3539 993 3598 illia

32 3599 157 3670 trainensi:
175 3622 364 3676 scientiarum
381 3623 553 3674 Academiae
574 3625 790 3694 quaestiouibus
813 3628 890 3682 uotis
913 3645 1015 3706 eom-p

32 3699 80 3765 uoti,
96 3721 121 3756 er
139 3709 252 3762 Graecia
272 3711 498 3780 antiquitatibus
513 3719 684 3780 potestatem
701 3721 730 3764 et
745 3715 894 3782 politicam
907 3728 934 3769 et
947 3719 992 3772 iu·

33 3773 114 3840 ticinen
126 3790 336 3848 describendam
349 3793 454 3850 litteris
470 3795 661 3864 mandarum,
684 3799 991 3858 commemorationem

35 3862 76 3920 uide
88 3870 255 3936 honorificam
278 3887 426 3935 merentur
448 3883 494 3936 Fr.
510 3887 710 3958 Tittmannua,
730 3887 781 3940 Ed.
799 3887 948 3945 Piatnerua
962 3903 992 3946 et

34 3949 69 4021 ing,
79 3961 208 4037 Heffterus,
230 3986 352 4044 quornm
368 3989 454 4043 opera
467 3989 546 4026 nunc
560 3975 591 4026 iu
607 3975 736 4028 oninium
748 3979 910 4046 pariturum
925 3997 990 4036 ma·

27 4040 205 4118 tibuatauantur,
