2590 4718
21 1176 23 1228 ι

20 1252 21 1297 i

444 1311 570 1386 otu.
597 1315 626 1385 1.

19 1460 22 1504 t
20 1459 86 1524 ιι
102 1463 327 1540 ιιιιιιιιιιι
345 1473 662 1568 ειιιιιιιιιιιιυι
679 1476 1056 1552 ιιιιιιιιιιιιιιυιι

20 1579 329 1667 NECESSITATE
368 1599 430 1666 ET
472 1603 668 1674 ORIGINE
711 1603 759 1669 lN
799 1593 1057 1674 REPUBLICA

130 1713 138 1726 '
284 1723 424 1792 BENE
440 1726 762 1798 -eoNsTtTUTtt

20 1943 200 2076 Naturali
225 2021 341 2066 rerum
358 2000 585 2090 publicarum
610 2009 844 2102 copiunctioni
876 2015 1121 2070 consents-1

20 2108 23 2272 p
47 2109 119 2160 teum
135 2113 202 2180 est,
231 2101 325 2186 quod
339 2109 595 2192 magistratuum
608 2089 732 2196 genus,
752 2107 934 2194 praecipue
948 2108 1059 2172 socie-

46 2199 270 2294 ttshunanae
290 2207 478 2276 commodis
491 2207 708 2298 politioribus
724 2212 890 2285 serviens,
919 2209 1058 2272 omnino

21 2317 93 2374 nou
106 2311 194 2392 ptius
207 2313 343 2376 institui
357 2325 490 2400 potest,
520 2333 621 2398 quam
637 2311 853 2402 respublica
843 2333 916 2402 rpsa
930 2316 1058 2400 primos
1082 2343 1085 2350 ·

20 2405 126 2474 civilis
146 2410 296 2478 culturae
316 2413 441 2499 gradus
460 2427 687 2502 transgressa,
709 2412 743 2482 h
760 2435 786 2478 o.
801 2415 837 2480 in
852 2417 1060 2500 antiquitatis

21 2517 224 2599 temporibus
245 2513 443 2582 hostium
412 2521 599 2584 vicinorum
614 2515 813 2606 depulsione
829 2517 1060 2586 conditionem
1164 2597 1178 2610 ‚

19 2640 22 2705 ι
48 2621 195 2684 animem
214 2635 314 2687 nauta
334 2633 404 2702 est,
446 2625 602 2706 civesque
622 2642 703 2692 suos
723 2623 874 2690 severius
896 2623 1059 2708 obsequio

20 2748 22 2816 ι
49 2738 100 2806 erga
118 2745 261 2792 summas
280 2723 374 2811 leges
393 2736 492 2810 atque
506 2729 739 2792 auctoritatem
756 2722 945 2792 assuefecit
985 2723 1058 2790 lta-

19 2819 22 2925 (
48 2839 91 2900 que
114 2848 225 2896 omues
255 2831 523 2896 consociationes
548 2825 707 2916 politicae
727 2831 872 2916 primam
894 2829 1059 2916 originem

19 2962 21 3076 p
49 2921 114 2994 utde
131 2935 285 3020 exiguam
308 2929 453 2996 habeant
474 2953 612 2998 necesse
635 2943 704 3008 est,
741 2933 854 3016 itaque
875 2953 918 2997 ex
942 2929 1058 2996 eadem

19 3079 22 3120 ,
49 3035 144 3100 tatione
156 3049 263 3101 totam
279 3035 418 3122 regendi
434 3037 701 3101 auctoritatem
690 3055 725 3098 ιιι
738 3039 781 3100 iis
798 3038 856 3100 uni
872 3037 947 3100 uiro
963 3051 1059 3099 com-

50 3137 148 3202 missam
168 3159 242 3206 asse
266 3141 466 3204 invenimus.
515 3137 695 3224 Quotquot
718 3143 809 3204 enim
823 3135 1058 3204 historicam-

19 3239 20 3287 ἒ
50 3236 237 3321 tiquissimae,
264 3236 405 3306 meliore
425 3243 560 3305 critices
583 3239 656 3309 face
679 3237 882 3320 illustratae,
917 3241 1059 3328 vemas
1168 3279 1176 3298 ι

19 3289 109 3438 stunc
126 3347 223 3410 nobis
245 3339 365 3410 relicta
386 3355 538 3422 exstant,
566 3355 619 3410 tot
643 3343 846 3426 documenta
865 3345 1060 3430 gravissima
1123 3383 1125 3388 ·
1213 3361 1216 3374 '

19 3463 89 3514 tos
104 3450 239 3526 docent,
278 3461 348 3512 tam
365 3444 466 3515 Asiae
487 3467 586 3532 quam
608 3447 766 3536 Europae
789 3449 940 3517 notioris
955 3461 1075 3536 regna

51 3554 143 3616 seriora
160 3574 177 3616 e
199 3551 350 3618 minimis
371 3520 524 3636 partibus
537 3543 768 3616 confluxisse
757 3569 793 3614 ro
806 3569 928 3616 unum:
949 3547 1061 3634 quod-

19 3637 22 3712 ι
51 3658 91 3730 qut
105 3651 208 3720 solum
227 3653 356 3718 nostris
377 3649 551 3716 doctrinae
572 3647 731 3740 politicae
753 3654 921 3738 magistris
934 3671 1060 3718 conca-
1080 3654 1100 3720 ’,
1162 3663 1165 3666 “

52 3749 93 3830 dit,
118 3765 219 3820 totam
247 3729 571 3824 administrationem
593 3769 715 3818 rerum·
729 3750 941 3840 publicarum
965 3741 1075 3817 deri-'

52 3872 102 3922 rare
120 3881 136 3924 e
155 3847 221 3941 ιιιι
247 3855 524 3964 patriarcharum.
574 3855 662 3923 Nam
683 3855 822 3925 eosdem
837 3857 1073 3978 patriarchas,

54 3957 70 4015 ti
83 3961 199 4041 quidem
217 3981 335 4052 uocem
356 3979 457 4026 sensu
471 3957 592 4024 latiore
608 3963 809 4050 accipimus,
832 3963 860 4028 si
875 3982 984 4048 neque
999 3981 1060 4026 re·

53 4059 154 4136 giorum
173 4051 395 4154 discriminis,
428 4081 537 4170 oeque
561 4057 643 4125 caeli
665 4073 930 4156 temperaturae,
950 4081 1060 4146 neque

584 4195 587 4202 .
703 4167 718 4225 1
734 4163 754 4199 ἃ
