2608 4718
1029 1041 1056 1094 ,s

637 1163 756 1238 ola.
802 1165 857 1237 11.
945 1257 949 1267 f

225 1361 460 1434 subrutum
513 1365 662 1450 cumr
714 1365 770 1444 ¹ru
820 1363 959 1434 tuuis
1006 1319 1257 1440 rictrudis,

203 1552 208 1571 ,
257 1467 660 1572 utnotuoutsour
709 1467 971 1533 tantumne
992 1509 995 1524 .
1017 1469 1234 1534 axonam

556 1567 932 1637 uumuurtssmt.

142 1895 146 1908 .
177 1831 180 1840 ’
230 1791 378 1910 Contra
393 1861 502 1910 meam
522 1844 791 1933 propositionem
809 1845 844 1907 in
858 1843 1046 1931 prodromo
1058 1843 1162 1913 huius
1177 1867 1257 1934 ope-

156 1991 161 2000 ·
228 1953 277 2016 ris
302 1948 426 2014 factam
454 1946 526 2014 hoc*
547 1952 647 2038 caput
663 1949 857 2035 proximum
880 1954 1077 2018 muneribus
1095 1933 1187 2018 circa
1208 1975 1256 2021 res

140 2045 1294 2136 ''mmmmmwwfflmmffimfflmmm,

226 2175 305 2220 rum
319 2157 369 2220 sic
383 2151 557 2240 postulare
570 2150 763 2220 videbatur:
781 2175 853 2246 'nec
865 2157 978 2235 minus,
991 2159 1074 2220 meis
1088 2161 1255 2244 promissis

225 2255 351 2326 infidus
368 2257 476 2333 evasi,
505 2257 582 2340 quia
601 2258 636 2317 in
652 2257 847 2320 universum
862 2255 905 2320 de
918 2259 1018 2321 variis
1032 2255 1192 2324 ludorum
1203 2279 1255 2346 ge-

122 2415 147 2438 „
225 2349 367 2422 neribus
387 2355 477 2444 apud
489 2353 660 2420 Romanos
679 2353 846 2420 disserere
867 2377 958 2419 nunc
973 2356 1134 2422 destituo.
1177 2359 1254 2423 Nam
1292 2381 1293 2398 ,

227 2477 297 2544 quo
319 2461 425 2544 magis
443 2445 523 2522 buic
539 2460 590 2522 rei
609 2449 804 2546 adparatum
818 2461 1045 2524 necessarium
1058 2457 1254 2548 colligerem,

201 2547 205 2562 ’
225 2563 399 2646 magisque
419 2561 457 2622 in
477 2577 515 2624 ea
536 2555 763 2634 elaborarem,
794 2578 835 2622 eo
857 2561 964 2644 magis
981 2557 1064 2624 mihi
1080 2562 1253 2647 persuade-

225 2661 342 2739 batur,
365 2671 408 2724 ut
428 2662 495 2724 mei
515 2643 597 2722 libri
616 2653 715 2737 fines,
742 2661 860 2744 utique
879 2670 992 2724 tamen
1008 2665 1132 2729 eximie
1146 2678 1252 2729 exten·

143 2777 146 2784 ’
227 2743 302 2842 so's,
329 2783 470 2852 prorsus
488 2760 762 2847 transgrederer,
790 2764 819 2826 si
835 2761 1021 2848 prodromo
1036 2785 1114 2829 meo
1131 2765 1223 2831 satisl
1236 2799 1251 2813 -

226 2883 349 2932 cerem.
396 2865 472 2930 Huc
492 2862 641 2940 accedit,
668 2876 708 2928 ‘nt
727 2865 764 2934 iu
781 2860 861 2926 libri
878 2866 984 2950 primi
1005 2869 1115 2952 capite
1133 2871 1250 2952 quinto,

227 2969 270 3032 ad
282 2957 475 3056 dedilitatis
490 2965 667 3032 historiam
682 2977 876 3060 euternam,
897 2969 1120 3052 inprimisque
1135 2969 1178 3032 ad
1190 2968 1249 3032 dis·

226 3076 356 3137 crimen
375 3059 467 3136 inter
483 3067 618 3134 Aediles
642 3065 783 3133 Curules
805 3087 843 3132 ac
862 3066 1032 3146 Plebeios,
1060 3063 1248 3134 marsimein

226 3171 369 3238 diversis
382 3170 472 3236 ludis
487 3168 648 3234 faciendis
666 3170 944 3250 constituturus),
966 3157 1156 3234 accuratius
1170 3190 1249 3234 com·
1289 3201 1290 3204 ¹

223 3263 440 3357 probandum
456 3271 612 3358 cogerer,
633 3282 672 3332 ut
684 3268 827 3356 plurima
843 3269 996 3360 exempla
1012 3271 1053 3336 de
1066 3273 1249 3360 istisdedi-

224 3371 309 3438 lium
337 3377 429 3450 curis
456 3375 523 3436 iam
544 3371 624 3453 huic
642 3373 745 3458 capiti
763 3367 980 3464 involverem⁸¹
1029 3369 1133 3439 Unde
1153 3384 1247 3438 auten

143 3479 148 3492 '
225 3477 440 3559 factumest,
469 3487 508 3541 ut
521 3474 691 3542 Aedilium
709 3495 850 3539 munere
864 3478 899 3538 in
915 3475 1005 3540 ludis
1019 3475 1247 3542 faciendisian
1283 3460 1285 3468 ’

225 3599 328 3669 supra
341 3575 664 3670 plenius‘expo'sitO,
691 3599 782 3642 nunc
800 3577 849 3644 nil
867 3575 937 3643 'nisi
960 3571 1179 3667 appendicem
1196 3578 1247 3641 do-

224 3701 470 3764 cumentorum,
493 3681 660 3766 simulque
675 3679 1244 3770 relationem,ceterorummagistra·
1287 3691 1288 3724 l

222 3798 320 3860 tuum
335 3787 426 3852 ludis
443 3805 582 3876 operam
597 3771 751 3848 dantium
764 3803 856 3848 nunc
873 3783 991 3868 addam
1005 3775 1143 3851 necesse
1157 3785 1221 3848 crit.

105 3969 599 4080 *·,mfflpfflm
673 4095 678 4106 Ι
