<?xml version="1.0" encoding="UTF-8"?>
<!DOCTYPE html PUBLIC "-//W3C//DTD XHTML 1.0 Transitional//EN"
    "http://www.w3.org/TR/xhtml1/DTD/xhtml1-transitional.dtd">
<html xmlns="http://www.w3.org/1999/xhtml" xml:lang="en" lang="en">
 <head>
  <title>
</title>
<meta http-equiv="Content-Type" content="text/html;charset=utf-8" />
  <meta name='ocr-system' content='tesseract 3.04.00' />
  <meta name='ocr-capabilities' content='ocr_page ocr_carea ocr_par ocr_line ocrx_word'/>
</head>
<body>
  <div class='ocr_page' id='page_1' title='image "./deromanorumaedi00schugoog_0314.png"; bbox 0 0 2610 4716; ppageno 0'>
   <div class='ocr_carea' id='block_1_1' title="bbox 346 243 1065 399">
    <p class='ocr_par' dir='ltr' id='par_1_1' title="bbox 346 243 1065 399">
     <span class='ocr_line' id='line_1_1' title="bbox 346 243 1065 399; baseline -0.017 -41"><span class='ocrx_word' id='word_1_1' title='bbox 346 243 444 358; x_wconf 79' lang='lat' dir='ltr'><strong>utu.</strong></span> <span class='ocrx_word' id='word_1_2' title='bbox 469 287 508 354; x_wconf 90' lang='lat' dir='ltr'><strong>n.</strong></span> <span class='ocrx_word' id='word_1_3' title='bbox 552 281 659 352; x_wconf 78' lang='lat' dir='ltr'><strong>car.</strong></span> <span class='ocrx_word' id='word_1_4' title='bbox 682 283 724 350; x_wconf 90' lang='lat' dir='ltr'><strong>u.</strong></span> <span class='ocrx_word' id='word_1_5' title='bbox 861 361 864 368; x_wconf 14' lang='grc' dir='ltr'><strong>Δ</strong></span> <span class='ocrx_word' id='word_1_6' title='bbox 1001 279 1065 399; x_wconf 79' lang='lat' dir='ltr'><strong>ara</strong></span> 
     </span>
    </p>
   </div>
   <div class='ocr_carea' id='block_1_2' title="bbox 43 465 1181 3508">
    <p class='ocr_par' dir='ltr' id='par_1_2' title="bbox 43 465 274 513">
     <span class='ocr_line' id='line_1_2' title="bbox 43 465 274 513; baseline 0.004 -1"><span class='ocrx_word' id='word_1_7' title='bbox 43 479 92 512; x_wconf 77' lang='lat' dir='ltr'><strong>nu.</strong></span> <span class='ocrx_word' id='word_1_8' title='bbox 107 479 126 512; x_wconf 88' lang='lat' dir='ltr'><strong>c.</strong></span> <span class='ocrx_word' id='word_1_9' title='bbox 155 465 231 513; x_wconf 66' lang='lat' dir='ltr'><strong>meir.</strong></span> <span class='ocrx_word' id='word_1_10' title='bbox 247 477 274 513; x_wconf 84' lang='lat' dir='ltr'><strong>u.</strong></span> 
     </span>
    </p>

    <p class='ocr_par' dir='ltr' id='par_1_3' title="bbox 272 545 1153 952">
     <span class='ocr_line' id='line_1_3' title="bbox 272 545 1060 636; baseline -0.01 -18"><span class='ocrx_word' id='word_1_11' title='bbox 272 553 361 619; x_wconf 89' lang='lat' dir='ltr'><strong>Sane</strong></span> <span class='ocrx_word' id='word_1_12' title='bbox 389 549 526 635; x_wconf 88' lang='lat' dir='ltr'><strong>quidem</strong></span> <span class='ocrx_word' id='word_1_13' title='bbox 560 553 591 616; x_wconf 88' lang='lat' dir='ltr'><strong>ei</strong></span> <span class='ocrx_word' id='word_1_14' title='bbox 621 545 874 636; x_wconf 81' lang='lat' dir='ltr'><strong>conqedendum</strong></span> <span class='ocrx_word' id='word_1_15' title='bbox 904 555 975 622; x_wconf 89' lang='lat' dir='ltr'><strong>est,</strong></span> <span class='ocrx_word' id='word_1_16' title='bbox 1017 553 1060 610; x_wconf 84' lang='lat' dir='ltr'><strong>e&#39;x</strong></span> 
     </span>
     <span class='ocr_line' id='line_1_4' title="bbox 272 645 1061 744; baseline -0.013 -22"><span class='ocrx_word' id='word_1_17' title='bbox 272 655 506 744; x_wconf 87' lang='lat' dir='ltr'><strong>superioribus</strong></span> <span class='ocrx_word' id='word_1_18' title='bbox 521 651 735 729; x_wconf 89' lang='lat' dir='ltr'><strong>muneribus,</strong></span> <span class='ocrx_word' id='word_1_19' title='bbox 754 671 876 738; x_wconf 78' lang='lat' dir='ltr'><strong>nempe</strong></span> <span class='ocrx_word' id='word_1_20' title='bbox 892 645 1061 723; x_wconf 83' lang='lat' dir='ltr'><strong>Consulis,</strong></span> 
     </span>
     <span class='ocr_line' id='line_1_5' title="bbox 272 753 1061 838; baseline -0.014 -14"><span class='ocrx_word' id='word_1_21' title='bbox 272 759 458 824; x_wconf 88' lang='lat' dir='ltr'><strong>Dictatoris</strong></span> <span class='ocrx_word' id='word_1_22' title='bbox 494 767 553 822; x_wconf 88' lang='lat' dir='ltr'><strong>aut</strong></span> <span class='ocrx_word' id='word_1_23' title='bbox 590 753 752 824; x_wconf 87' lang='lat' dir='ltr'>Censoris</span> <span class='ocrx_word' id='word_1_24' title='bbox 775 765 858 838; x_wconf 31' lang='lat' dir='ltr'><strong>,tum</strong></span> <span class='ocrx_word' id='word_1_25' title='bbox 895 755 1061 838; x_wconf 77' lang='lat' dir='ltr'><strong>temporis</strong></span> 
     </span>
     <span class='ocr_line' id='line_1_6' title="bbox 272 855 1153 952; baseline -0.006 -24"><span class='ocrx_word' id='word_1_26' title='bbox 272 866 413 928; x_wconf 90' lang='lat' dir='ltr'><strong>omniuo</strong></span> <span class='ocrx_word' id='word_1_27' title='bbox 433 881 504 940; x_wconf 82' lang='lat' dir='ltr'><strong>non</strong></span> <span class='ocrx_word' id='word_1_28' title='bbox 524 859 681 926; x_wconf 87' lang='lat' dir='ltr'><strong>concludi</strong></span> <span class='ocrx_word' id='word_1_29' title='bbox 695 870 815 948; x_wconf 87' lang='lat' dir='ltr'><strong>po&#39;sse,</strong></span> <span class='ocrx_word' id='word_1_30' title='bbox 840 879 922 924; x_wconf 88' lang='lat' dir='ltr'><strong>num</strong></span> <span class='ocrx_word' id='word_1_31' title='bbox 939 855 1061 924; x_wconf 81' lang='lat' dir='ltr'><strong>l&#39;lebe·</strong></span> <span class='ocrx_word' id='word_1_32' title='bbox 1091 933 1096 952; x_wconf 62' lang='lat'>„</span> <span class='ocrx_word' id='word_1_33' title='bbox 1149 919 1153 940; x_wconf 80' lang='grc'><em>,</em></span> 
     </span>
    </p>

    <p class='ocr_par' dir='ltr' id='par_1_4' title="bbox 186 945 1061 1256">
     <span class='ocr_line' id='line_1_7' title="bbox 186 945 1059 1052; baseline -0.011 -22"><span class='ocrx_word' id='word_1_34' title='bbox 186 980 190 992; x_wconf 79' lang='grc'><em>·</em></span> <span class='ocrx_word' id='word_1_35' title='bbox 271 969 324 1032; x_wconf 88' lang='lat' dir='ltr'><strong>ius</strong></span> <span class='ocrx_word' id='word_1_36' title='bbox 340 985 402 1052; x_wconf 86' lang='lat' dir='ltr'><strong>per</strong></span> <span class='ocrx_word' id='word_1_37' title='bbox 414 961 630 1030; x_wconf 81' lang='lat' dir='ltr'><strong>Aedilitatem</strong></span> <span class='ocrx_word' id='word_1_38' title='bbox 646 961 833 1043; x_wconf 74' lang='lat' dir='ltr'><strong>plebeiam,</strong></span> <span class='ocrx_word' id='word_1_39' title='bbox 855 945 972 1047; x_wconf 85' lang='lat' dir='ltr'><strong>anper</strong></span> <span class='ocrx_word' id='word_1_40' title='bbox 988 957 1059 1022; x_wconf 85' lang='lat' dir='ltr'><strong>Cu-</strong></span> 
     </span>
     <span class='ocr_line' id='line_1_8' title="bbox 272 1059 1060 1144; baseline -0.009 -14"><span class='ocrx_word' id='word_1_41' title='bbox 272 1063 388 1144; x_wconf 77' lang='lat' dir='ltr'><strong>rulem‘</strong></span> <span class='ocrx_word' id='word_1_42' title='bbox 402 1063 445 1128; x_wconf 88' lang='lat' dir='ltr'><strong>ad</strong></span> <span class='ocrx_word' id='word_1_43' title='bbox 467 1063 531 1132; x_wconf 90' lang='lat' dir='ltr'><strong>hos</strong></span> <span class='ocrx_word' id='word_1_44' title='bbox 550 1067 748 1131; x_wconf 81' lang='lat' dir='ltr'><strong>accessisset</strong></span> <span class='ocrx_word' id='word_1_45' title='bbox 770 1062 928 1128; x_wconf 85' lang='lat' dir='ltr'><strong>honores.</strong></span> <span class='ocrx_word' id='word_1_46' title='bbox 971 1059 1060 1124; x_wconf 87' lang='lat' dir='ltr'><strong>Nam</strong></span> 
     </span>
     <span class='ocr_line' id='line_1_9' title="bbox 269 1161 1061 1256; baseline -0.009 -23"><span class='ocrx_word' id='word_1_47' title='bbox 269 1179 451 1252; x_wconf 83' lang='lat' dir='ltr'><strong>utrumque</strong></span> <span class='ocrx_word' id='word_1_48' title='bbox 486 1161 557 1231; x_wconf 87' lang='lat' dir='ltr'><strong>fieri</strong></span> <span class='ocrx_word' id='word_1_49' title='bbox 593 1169 723 1256; x_wconf 86' lang='lat' dir='ltr'><strong>potuit,</strong></span> <span class='ocrx_word' id='word_1_50' title='bbox 766 1177 801 1230; x_wconf 92' lang='lat' dir='ltr'><strong>et</strong></span> <span class='ocrx_word' id='word_1_51' title='bbox 837 1165 961 1230; x_wconf 84' lang='lat' dir='ltr'><strong>factum</strong></span> <span class='ocrx_word' id='word_1_52' title='bbox 997 1169 1061 1240; x_wconf 85' lang='lat' dir='ltr'><strong>es&#39;t,</strong></span> 
     </span>
    </p>

    <p class='ocr_par' dir='ltr' id='par_1_5' title="bbox 246 1261 1177 1867">
     <span class='ocr_line' id='line_1_10' title="bbox 246 1261 1059 1354; baseline -0.002 -22"><span class='ocrx_word' id='word_1_53' title='bbox 246 1267 249 1278; x_wconf 85' lang='lat'>&#39;</span> <span class='ocrx_word' id='word_1_54' title='bbox 270 1291 374 1354; x_wconf 90' lang='lat' dir='ltr'><strong>quum</strong></span> <span class='ocrx_word' id='word_1_55' title='bbox 393 1265 523 1332; x_wconf 91' lang='lat' dir='ltr'><strong>nullum</strong></span> <span class='ocrx_word' id='word_1_56' title='bbox 537 1265 728 1354; x_wconf 86' lang='lat' dir='ltr'><strong>exemplum</strong></span> <span class='ocrx_word' id='word_1_57' title='bbox 742 1278 872 1332; x_wconf 89' lang='lat' dir='ltr'><strong>certum</strong></span> <span class='ocrx_word' id='word_1_58' title='bbox 888 1267 984 1332; x_wconf 90' lang='lat' dir='ltr'><strong>nobis</strong></span> <span class='ocrx_word' id='word_1_59' title='bbox 1001 1261 1059 1341; x_wconf 70' lang='grc' dir='ltr'><strong>οἱ·</strong></span> 
     </span>
     <span class='ocr_line' id='line_1_11' title="bbox 271 1367 1057 1455; baseline -0.006 -18"><span class='ocrx_word' id='word_1_60' title='bbox 271 1371 435 1450; x_wconf 83' lang='lat' dir='ltr'><strong>ferretur,</strong></span> <span class='ocrx_word' id='word_1_61' title='bbox 464 1391 508 1435; x_wconf 87' lang='lat' dir='ltr'><strong>ex</strong></span> <span class='ocrx_word' id='word_1_62' title='bbox 524 1390 591 1455; x_wconf 93' lang='lat' dir='ltr'><strong>quo</strong></span> <span class='ocrx_word' id='word_1_63' title='bbox 606 1367 694 1436; x_wconf 90' lang='lat' dir='ltr'><strong>ullus</strong></span> <span class='ocrx_word' id='word_1_64' title='bbox 709 1369 865 1436; x_wconf 86' lang='lat' dir='ltr'><strong>Plebeius</strong></span> <span class='ocrx_word' id='word_1_65' title='bbox 879 1379 1057 1452; x_wconf 84' lang='lat' dir='ltr'><strong>utramque</strong></span> 
     </span>
     <span class='ocr_line' id='line_1_12' title="bbox 270 1467 1058 1561; baseline -0.003 -25"><span class='ocrx_word' id='word_1_66' title='bbox 270 1468 654 1561; x_wconf 84' lang='lat' dir='ltr'><strong>petiissetAedilitatem.</strong></span> <span class='ocrx_word' id='word_1_67' title='bbox 697 1469 854 1536; x_wconf 79' lang='lat' dir='ltr'>Attamen</span> <span class='ocrx_word' id='word_1_68' title='bbox 867 1467 1058 1558; x_wconf 78' lang='lat' dir='ltr'><strong>periculum</strong></span> 
     </span>
     <span class='ocr_line' id='line_1_13' title="bbox 269 1562 1076 1662; baseline -0.007 -22"><span class='ocrx_word' id='word_1_69' title='bbox 269 1575 363 1640; x_wconf 86' lang='lat' dir='ltr'><strong>adire</strong></span> <span class='ocrx_word' id='word_1_70' title='bbox 392 1573 549 1662; x_wconf 87' lang='lat' dir='ltr'>equidem</span> <span class='ocrx_word' id='word_1_71' title='bbox 581 1585 722 1640; x_wconf 86' lang='lat' dir='ltr'><strong>conatus</strong></span> <span class='ocrx_word' id='word_1_72' title='bbox 757 1593 853 1654; x_wconf 88' lang='lat' dir='ltr'><strong>sum,</strong></span> <span class='ocrx_word' id='word_1_73' title='bbox 894 1562 1076 1660; x_wconf 58' lang='lat' dir='ltr'><strong>quantumi</strong></span> 
     </span>
     <span class='ocr_line' id='line_1_14' title="bbox 270 1673 1078 1764; baseline 0 -24"><span class='ocrx_word' id='word_1_74' title='bbox 270 1679 396 1764; x_wconf 86' lang='lat' dir='ltr'><strong>partim</strong></span> <span class='ocrx_word' id='word_1_75' title='bbox 415 1698 460 1739; x_wconf 86' lang='lat' dir='ltr'><strong>ex</strong></span> <span class='ocrx_word' id='word_1_76' title='bbox 480 1673 683 1740; x_wconf 81' lang='lat' dir='ltr'><strong>familiarum</strong></span> <span class='ocrx_word' id='word_1_77' title='bbox 698 1673 919 1740; x_wconf 86' lang='lat' dir='ltr'><strong>Patriciarum</strong></span> <span class='ocrx_word' id='word_1_78' title='bbox 935 1675 1078 1740; x_wconf 75' lang='lat' dir='ltr'><strong>Plebe-&#39;</strong></span> 
     </span>
     <span class='ocr_line' id='line_1_15' title="bbox 270 1765 1177 1867; baseline -0.003 -24"><span class='ocrx_word' id='word_1_79' title='bbox 270 1784 420 1845; x_wconf 87' lang='lat' dir='ltr'><strong>iarnmve</strong></span> <span class='ocrx_word' id='word_1_80' title='bbox 438 1781 648 1866; x_wconf 82' lang='lat' dir='ltr'>cognitione,</span> <span class='ocrx_word' id='word_1_81' title='bbox 681 1781 805 1867; x_wconf 81' lang='lat' dir='ltr'><strong>partim</strong></span> <span class='ocrx_word' id='word_1_82' title='bbox 826 1771 1057 1844; x_wconf 77' lang='lat' dir='ltr'><strong>el’raetbrio&#39;·</strong></span> <span class='ocrx_word' id='word_1_83' title='bbox 1170 1765 1177 1772; x_wconf 65' lang='grc'><strong>’</strong></span> 
     </span>
    </p>

    <p class='ocr_par' dir='ltr' id='par_1_6' title="bbox 164 1881 1062 2689">
     <span class='ocr_line' id='line_1_16' title="bbox 164 1881 1058 1962; baseline 0 -15"><span class='ocrx_word' id='word_1_84' title='bbox 164 1935 167 1947; x_wconf 91' lang='grc'><strong><em>.</em></strong></span> <span class='ocrx_word' id='word_1_85' title='bbox 270 1889 345 1948; x_wconf 80' lang='lat' dir='ltr'><strong>rum</strong></span> <span class='ocrx_word' id='word_1_86' title='bbox 373 1881 504 1962; x_wconf 86' lang='lat' dir='ltr'><strong>indice,</strong></span> <span class='ocrx_word' id='word_1_87' title='bbox 527 1919 569 1932; x_wconf 96' lang='lat'><em>-</em></span> <span class='ocrx_word' id='word_1_88' title='bbox 604 1881 767 1948; x_wconf 86' lang='lat' dir='ltr'><strong>Praetura</strong></span> <span class='ocrx_word' id='word_1_89' title='bbox 794 1887 885 1950; x_wconf 83' lang='lat' dir='ltr'><strong>enirn</strong></span> <span class='ocrx_word' id='word_1_90' title='bbox 904 1894 1058 1959; x_wconf 85' lang='lat' dir='ltr'><strong>tantum-</strong></span> 
     </span>
     <span class='ocr_line' id='line_1_17' title="bbox 267 1973 1062 2070; baseline -0.003 -22"><span class='ocrx_word' id='word_1_91' title='bbox 267 1984 371 2048; x_wconf 90' lang='lat' dir='ltr'>modo</span> <span class='ocrx_word' id='word_1_92' title='bbox 395 1993 475 2070; x_wconf 83' lang='lat' dir='ltr'><strong>post</strong></span> <span class='ocrx_word' id='word_1_93' title='bbox 498 1981 713 2048; x_wconf 83' lang='lat' dir='ltr'><strong>Aedilitatem</strong></span> <span class='ocrx_word' id='word_1_94' title='bbox 741 1981 901 2050; x_wconf 90' lang='lat' dir='ltr'><strong>Curulem</strong></span> <span class='ocrx_word' id='word_1_95' title='bbox 929 1973 1062 2070; x_wconf 75' lang='lat' dir='ltr'><strong>gestam</strong></span> 
     </span>
     <span class='ocr_line' id='line_1_18' title="bbox 267 2087 1058 2176; baseline 0.003 -22"><span class='ocrx_word' id='word_1_96' title='bbox 267 2087 413 2176; x_wconf 88' lang='lat' dir='ltr'><strong>petenda</strong></span> <span class='ocrx_word' id='word_1_97' title='bbox 428 2097 499 2151; x_wconf 82' lang='lat' dir='ltr'><strong>erat</strong></span> <span class='ocrx_word' id='word_1_98' title='bbox 513 2123 557 2137; x_wconf 89' lang='lat'><em>-</em></span> <span class='ocrx_word' id='word_1_99' title='bbox 573 2091 696 2176; x_wconf 86' lang='lat' dir='ltr'><strong>partim</strong></span> <span class='ocrx_word' id='word_1_100' title='bbox 715 2109 759 2154; x_wconf 85' lang='lat' dir='ltr'><strong>ex</strong></span> <span class='ocrx_word' id='word_1_101' title='bbox 772 2087 840 2152; x_wconf 88' lang='lat' dir='ltr'><strong>ulla</strong></span> <span class='ocrx_word' id='word_1_102' title='bbox 853 2088 916 2154; x_wconf 85' lang='lat' dir='ltr'><strong>alia</strong></span> <span class='ocrx_word' id='word_1_103' title='bbox 930 2109 1058 2166; x_wconf 83' lang='lat' dir='ltr'><strong>reme-</strong></span> 
     </span>
     <span class='ocr_line' id='line_1_19' title="bbox 266 2179 1055 2280; baseline 0.003 -25"><span class='ocrx_word' id='word_1_104' title='bbox 266 2188 421 2255; x_wconf 88' lang='lat' dir='ltr'><strong>morabili</strong></span> <span class='ocrx_word' id='word_1_105' title='bbox 449 2179 572 2254; x_wconf 83' lang='lat' dir='ltr'><strong>coniic&#39;i</strong></span> <span class='ocrx_word' id='word_1_106' title='bbox 595 2179 712 2270; x_wconf 79' lang='lat' dir='ltr'><strong>liceat,</strong></span> <span class='ocrx_word' id='word_1_107' title='bbox 748 2213 793 2258; x_wconf 87' lang='lat' dir='ltr'><strong>ex</strong></span> <span class='ocrx_word' id='word_1_108' title='bbox 817 2191 896 2259; x_wconf 79' lang='lat' dir='ltr'><strong>illis</strong></span> <span class='ocrx_word' id='word_1_109' title='bbox 911 2207 1055 2280; x_wconf 88' lang='lat' dir='ltr'><strong>quatuor</strong></span> 
     </span>
     <span class='ocr_line' id='line_1_20' title="bbox 266 2291 1056 2372; baseline 0.001 -14"><span class='ocrx_word' id='word_1_110' title='bbox 266 2291 439 2358; x_wconf 79' lang='lat' dir='ltr'>Aedilium</span> <span class='ocrx_word' id='word_1_111' title='bbox 469 2294 661 2357; x_wconf 87' lang='lat' dir='ltr'><strong>nominibus</strong></span> <span class='ocrx_word' id='word_1_112' title='bbox 695 2313 872 2360; x_wconf 87' lang='lat' dir='ltr'><strong>secernere</strong></span> <span class='ocrx_word' id='word_1_113' title='bbox 899 2293 1056 2372; x_wconf 76' lang='lat' dir='ltr'><strong>CuruleS,</strong></span> 
     </span>
     <span class='ocr_line' id='line_1_21' title="bbox 267 2397 1056 2482; baseline 0 -22"><span class='ocrx_word' id='word_1_114' title='bbox 267 2397 550 2482; x_wconf 79' lang='lat' dir='ltr'><strong>argumentisque,</strong></span> <span class='ocrx_word' id='word_1_115' title='bbox 572 2399 746 2480; x_wconf 87' lang='lat' dir='ltr'><strong>quantavis</strong></span> <span class='ocrx_word' id='word_1_116' title='bbox 759 2407 906 2474; x_wconf 83' lang='lat' dir='ltr'><strong>exstent,</strong></span> <span class='ocrx_word' id='word_1_117' title='bbox 931 2417 1056 2462; x_wconf 92' lang='lat' dir='ltr'><strong>mune-</strong></span> 
     </span>
     <span class='ocr_line' id='line_1_22' title="bbox 265 2499 1056 2588; baseline -0.004 -22"><span class='ocrx_word' id='word_1_118' title='bbox 265 2507 314 2568; x_wconf 87' lang='lat' dir='ltr'><strong>ris</strong></span> <span class='ocrx_word' id='word_1_119' title='bbox 344 2500 508 2588; x_wconf 84' lang='lat' dir='ltr'><strong>adscripti</strong></span> <span class='ocrx_word' id='word_1_120' title='bbox 533 2499 655 2566; x_wconf 90' lang='lat' dir='ltr'><strong>iisdem</strong></span> <span class='ocrx_word' id='word_1_121' title='bbox 681 2499 844 2568; x_wconf 76' lang='lat' dir='ltr'><strong>affirmare</strong></span> <span class='ocrx_word' id='word_1_122' title='bbox 869 2504 1056 2570; x_wconf 83' lang='lat' dir='ltr'><strong>veritatem.</strong></span> 
     </span>
     <span class='ocr_line' id='line_1_23' title="bbox 269 2601 1055 2689; baseline 0 -23"><span class='ocrx_word' id='word_1_123' title='bbox 269 2603 499 2686; x_wconf 85' lang='lat' dir='ltr'><strong>Quamobrem</strong></span> <span class='ocrx_word' id='word_1_124' title='bbox 526 2624 571 2668; x_wconf 87' lang='lat' dir='ltr'><strong>ex</strong></span> <span class='ocrx_word' id='word_1_125' title='bbox 593 2623 621 2667; x_wconf 89' lang='lat' dir='ltr'><strong>a.</strong></span> <span class='ocrx_word' id='word_1_126' title='bbox 642 2607 704 2669; x_wconf 83' lang='grc'><strong>868</strong></span> <span class='ocrx_word' id='word_1_127' title='bbox 731 2625 838 2689; x_wconf 88' lang='lat' dir='ltr'><strong>usque</strong></span> <span class='ocrx_word' id='word_1_128' title='bbox 864 2603 906 2668; x_wconf 91' lang='lat' dir='ltr'><strong>ad</strong></span> <span class='ocrx_word' id='word_1_129' title='bbox 928 2601 1055 2670; x_wconf 87' lang='lat' dir='ltr'><strong>bellum</strong></span> 
     </span>
    </p>

    <p class='ocr_par' dir='ltr' id='par_1_7' title="bbox 242 2701 1181 3209">
     <span class='ocr_line' id='line_1_24' title="bbox 242 2701 1181 2796; baseline 0.005 -32"><span class='ocrx_word' id='word_1_130' title='bbox 242 2701 432 2767; x_wconf 67' lang='lat' dir='ltr'><strong>Punicum</strong></span> <span class='ocrx_word' id='word_1_131' title='bbox 457 2701 660 2782; x_wconf 88' lang='lat' dir='ltr'><strong>secundum,</strong></span> <span class='ocrx_word' id='word_1_132' title='bbox 696 2723 800 2790; x_wconf 90' lang='lat' dir='ltr'><strong>quum</strong></span> <span class='ocrx_word' id='word_1_133' title='bbox 827 2707 894 2770; x_wconf 86' lang='lat' dir='ltr'><strong>iam</strong></span> <span class='ocrx_word' id='word_1_134' title='bbox 914 2707 972 2769; x_wconf 91' lang='lat' dir='ltr'><strong>diu</strong></span> <span class='ocrx_word' id='word_1_135' title='bbox 992 2723 1055 2796; x_wconf 82' lang='lat' dir='ltr'><strong>per</strong></span> <span class='ocrx_word' id='word_1_136' title='bbox 1173 2769 1181 2785; x_wconf 74' lang='lat'><strong>,</strong></span> 
     </span>
     <span class='ocr_line' id='line_1_25' title="bbox 268 2801 1055 2886; baseline 0.003 -20"><span class='ocrx_word' id='word_1_137' title='bbox 268 2820 436 2886; x_wconf 90' lang='lat' dir='ltr'><strong>quemque</strong></span> <span class='ocrx_word' id='word_1_138' title='bbox 454 2821 583 2872; x_wconf 85' lang='lat' dir='ltr'><strong>annum¹</strong></span> <span class='ocrx_word' id='word_1_139' title='bbox 600 2801 728 2868; x_wconf 86' lang='lat' dir='ltr'><strong>Plebeii</strong></span> <span class='ocrx_word' id='word_1_140' title='bbox 747 2803 970 2871; x_wconf 80' lang='lat' dir='ltr'><strong>Aedflitatem&#39;</strong></span> <span class='ocrx_word' id='word_1_141' title='bbox 984 2805 1055 2872; x_wconf 82' lang='lat' dir='ltr'><strong>Cu-</strong></span> 
     </span>
     <span class='ocr_line' id='line_1_26' title="bbox 267 2903 1060 2993; baseline 0.005 -25"><span class='ocrx_word' id='word_1_142' title='bbox 267 2903 378 2969; x_wconf 87' lang='lat' dir='ltr'><strong>rulem</strong></span> <span class='ocrx_word' id='word_1_143' title='bbox 404 2903 690 2993; x_wconf 80' lang='lat' dir='ltr'><strong>adipiscerentur,</strong></span> <span class='ocrx_word' id='word_1_144' title='bbox 730 2905 961 2976; x_wconf 82' lang='lat' dir='ltr'><strong>alternationis</strong></span> <span class='ocrx_word' id='word_1_145' title='bbox 977 2929 1060 2990; x_wconf 45' lang='lat' dir='ltr'><strong>au&lt;</strong></span> 
     </span>
     <span class='ocr_line' id='line_1_27' title="bbox 264 3006 1053 3096; baseline 0.008 -22"><span class='ocrx_word' id='word_1_146' title='bbox 264 3020 335 3074; x_wconf 90' lang='lat' dir='ltr'><strong>tem</strong></span> <span class='ocrx_word' id='word_1_147' title='bbox 356 3009 539 3075; x_wconf 85' lang='lat' dir='ltr'><strong>discrimen</strong></span> <span class='ocrx_word' id='word_1_148' title='bbox 560 3006 660 3096; x_wconf 80' lang='lat' dir='ltr'><strong>plane</strong></span> <span class='ocrx_word' id='word_1_149' title='bbox 679 3009 867 3092; x_wconf 88' lang='lat' dir='ltr'><strong>desineret,</strong></span> <span class='ocrx_word' id='word_1_150' title='bbox 897 3013 972 3080; x_wconf 78' lang='lat' dir='ltr'><strong>nec¹</strong></span> <span class='ocrx_word' id='word_1_151' title='bbox 987 3017 1053 3096; x_wconf 83' lang='lat' dir='ltr'><strong>mi-</strong></span> 
     </span>
     <span class='ocr_line' id='line_1_28' title="bbox 267 3108 1065 3209; baseline 0.013 -37"><span class='ocrx_word' id='word_1_152' title='bbox 267 3130 332 3174; x_wconf 91' lang='lat' dir='ltr'><strong>nus</strong></span> <span class='ocrx_word' id='word_1_153' title='bbox 346 3108 485 3177; x_wconf 85' lang='lat' dir='ltr'><strong>Patricii</strong></span> <span class='ocrx_word' id='word_1_154' title='bbox 500 3113 537 3172; x_wconf 93' lang='lat' dir='ltr'><strong>in</strong></span> <span class='ocrx_word' id='word_1_155' title='bbox 552 3113 709 3175; x_wconf 91' lang='lat' dir='ltr'><strong>omnibus</strong></span> <span class='ocrx_word' id='word_1_156' title='bbox 726 3118 871 3180; x_wconf 88' lang='lat' dir='ltr'><strong>comitiis</strong></span> <span class='ocrx_word' id='word_1_157' title='bbox 883 3116 1065 3209; x_wconf 61' lang='lat' dir='ltr'><strong>Aedilitiis,</strong></span> 
     </span>
    </p>

    <p class='ocr_par' dir='ltr' id='par_1_8' title="bbox 144 3211 1136 3508">
     <span class='ocr_line' id='line_1_29' title="bbox 144 3211 1136 3310; baseline 0.01 -32"><span class='ocrx_word' id='word_1_158' title='bbox 144 3255 147 3260; x_wconf 34' lang='grc' dir='ltr'><strong><em>ι</em></strong></span> <span class='ocrx_word' id='word_1_159' title='bbox 267 3211 402 3278; x_wconf 89' lang='lat' dir='ltr'><strong>Curulis</strong></span> <span class='ocrx_word' id='word_1_160' title='bbox 419 3215 592 3302; x_wconf 86' lang='lat' dir='ltr'><strong>dignitatis</strong></span> <span class='ocrx_word' id='word_1_161' title='bbox 608 3211 813 3304; x_wconf 82' lang='lat' dir='ltr'><strong>Candidatos</strong></span> <span class='ocrx_word' id='word_1_162' title='bbox 833 3211 1052 3310; x_wconf 77' lang='lat' dir='ltr'><strong>h&#39;abere&#39;pos-</strong></span> <span class='ocrx_word' id='word_1_163' title='bbox 1134 3233 1136 3238; x_wconf 87' lang='grc'><strong>’</strong></span> 
     </span>
     <span class='ocr_line' id='line_1_30' title="bbox 266 3315 1051 3395; baseline 0.006 -11"><span class='ocrx_word' id='word_1_164' title='bbox 266 3330 359 3395; x_wconf 88' lang='lat' dir='ltr'><strong>sent,</strong></span> <span class='ocrx_word' id='word_1_165' title='bbox 388 3337 481 3382; x_wconf 88' lang='lat' dir='ltr'><strong>meae</strong></span> <span class='ocrx_word' id='word_1_166' title='bbox 496 3315 667 3385; x_wconf 86' lang='lat' dir='ltr'><strong>Aedilium</strong></span> <span class='ocrx_word' id='word_1_167' title='bbox 684 3319 815 3388; x_wconf 83' lang='lat' dir='ltr'><strong>tabulae</strong></span> <span class='ocrx_word' id='word_1_168' title='bbox 834 3321 931 3392; x_wconf 84' lang='lat' dir='ltr'><strong>valde</strong></span> <span class='ocrx_word' id='word_1_169' title='bbox 948 3323 1051 3391; x_wconf 82' lang='lat' dir='ltr'><strong>difie-</strong></span> 
     </span>
     <span class='ocr_line' id='line_1_31' title="bbox 266 3419 577 3508; baseline 0.013 -24"><span class='ocrx_word' id='word_1_170' title='bbox 266 3433 383 3496; x_wconf 83' lang='lat' dir='ltr'><strong>runta</strong></span> <span class='ocrx_word' id='word_1_171' title='bbox 395 3419 577 3508; x_wconf 83' lang='lat' dir='ltr'><strong>Pighianis.</strong></span> 
     </span>
    </p>
   </div>
   <div class='ocr_carea' id='block_1_3' title="bbox 54 3523 528 3710">
    <p class='ocr_par' dir='ltr' id='par_1_9' title="bbox 54 3523 528 3710">
     <span class='ocr_line' id='line_1_32' title="bbox 54 3523 528 3610; baseline -0.013 -16"><span class='ocrx_word' id='word_1_172' title='bbox 54 3531 110 3594; x_wconf 77' lang='lat'><strong>391.</strong></span> <span class='ocrx_word' id='word_1_173' title='bbox 172 3527 244 3592; x_wconf 75' lang='lat'><strong>362.</strong></span> <span class='ocrx_word' id='word_1_174' title='bbox 268 3523 322 3610; x_wconf 86' lang='lat' dir='ltr'><strong>[L.</strong></span> <span class='ocrx_word' id='word_1_175' title='bbox 335 3523 528 3609; x_wconf 65' lang='lat' dir='ltr'><strong>Lucerias]</strong></span> 
     </span>
     <span class='ocr_line' id='line_1_33' title="bbox 266 3621 516 3710; baseline -0.016 -19"><span class='ocrx_word' id='word_1_176' title='bbox 266 3623 318 3710; x_wconf 83' lang='lat' dir='ltr'><strong>[C.</strong></span> <span class='ocrx_word' id='word_1_177' title='bbox 334 3621 516 3709; x_wconf 81' lang='lat' dir='ltr'><strong>Volscius]</strong></span> 
     </span>
    </p>
   </div>
   <div class='ocr_carea' id='block_1_4' title="bbox 54 3713 711 4127">
    <p class='ocr_par' dir='ltr' id='par_1_10' title="bbox 54 3713 616 3918">
     <span class='ocr_line' id='line_1_34' title="bbox 54 3713 616 3816; baseline 0.004 -26"><span class='ocrx_word' id='word_1_178' title='bbox 54 3731 114 3799; x_wconf 63' lang='lat'><strong>392·</strong></span> <span class='ocrx_word' id='word_1_179' title='bbox 173 3721 245 3798; x_wconf 77' lang='lat'><strong>361.</strong></span> <span class='ocrx_word' id='word_1_180' title='bbox 268 3723 557 3816; x_wconf 33' lang='lat' dir='ltr'><strong>[MaConsidius]</strong></span> <span class='ocrx_word' id='word_1_181' title='bbox 612 3713 616 3719; x_wconf 33' lang='lat'>⁵</span> 
     </span>
     <span class='ocr_line' id='line_1_35' title="bbox 269 3813 526 3918; baseline -0.004 -23"><span class='ocrx_word' id='word_1_182' title='bbox 269 3829 322 3918; x_wconf 84' lang='lat' dir='ltr'><strong>[L.</strong></span> <span class='ocrx_word' id='word_1_183' title='bbox 336 3813 526 3916; x_wconf 85' lang='lat' dir='ltr'><strong>Allienius.]</strong></span> 
     </span>
    </p>

    <p class='ocr_par' dir='ltr' id='par_1_11' title="bbox 55 3931 711 4127">
     <span class='ocr_line' id='line_1_36' title="bbox 55 3931 704 4021; baseline 0 -18"><span class='ocrx_word' id='word_1_184' title='bbox 55 3939 113 4004; x_wconf 77' lang='lat'><strong>393.</strong></span> <span class='ocrx_word' id='word_1_185' title='bbox 173 3939 244 4004; x_wconf 77' lang='lat'><strong>360.</strong></span> <span class='ocrx_word' id='word_1_186' title='bbox 268 3933 325 4020; x_wconf 86' lang='lat' dir='ltr'><strong>[Q.</strong></span> <span class='ocrx_word' id='word_1_187' title='bbox 341 3931 459 3998; x_wconf 85' lang='lat' dir='ltr'><strong>Aulius</strong></span> <span class='ocrx_word' id='word_1_188' title='bbox 474 3931 704 4021; x_wconf 67' lang='lat' dir='ltr'><strong>Cerretanus]</strong></span> 
     </span>
     <span class='ocr_line' id='line_1_37' title="bbox 269 4021 711 4127; baseline 0.011 -22"><span class='ocrx_word' id='word_1_189' title='bbox 269 4036 321 4126; x_wconf 84' lang='lat' dir='ltr'><strong>[C.</strong></span> <span class='ocrx_word' id='word_1_190' title='bbox 337 4021 499 4105; x_wconf 77' lang='lat' dir='ltr'><strong>Carvilius</strong></span> <span class='ocrx_word' id='word_1_191' title='bbox 515 4037 711 4127; x_wconf 74' lang='lat' dir='ltr'><strong>Maxume]</strong></span> 
     </span>
    </p>
   </div>
   <div class='ocr_carea' id='block_1_5' title="bbox 0 0 1310 4716">
    <p class='ocr_par' dir='ltr' id='par_1_12' title="bbox 0 0 1310 4716">
     <span class='ocr_line' id='line_1_38' title="bbox 0 0 1310 4716; baseline 0 1"><span class='ocrx_word' id='word_1_192' title='bbox 0 0 1310 4716; x_wconf 95' lang='lat' dir='ltr'><strong> </strong></span> 
     </span>
    </p>
   </div>
  </div>
 </body>
</html>
