2624 4710
411 153 514 222 mit.
536 155 562 224 i.
614 155 722 226 CAP.
742 153 799 226 tlt.
1033 169 1038 180 '
1084 161 1127 224 tr

73 325 159 392 urbe
183 345 285 395 curae
305 278 445 418 gerebat
458 331 534 418 ¹⁰⁹),
564 335 615 400 uti
641 353 758 400 omnes
777 330 1029 424 lexicographi,
1062 337 1123 420 qui

71 448 195 492 eornm
217 433 429 498 mentionem
450 436 696 500 accuratiorem
719 431 850 502 iaciunt
864 434 935 522 ²¹⁹),
973 453 1123 502 consen-

67 537 197 600 tientes
216 534 393 618 referunt,
422 551 498 619 aut,
525 538 618 625 quod
630 561 702 606 non
721 543 848 608 invitus
861 541 1032 621 concedo,
1053 563 1121 631 pu·

68 639 236 702 nteriores
272 660 319 706 ex
360 641 630 730 Harpocratione
666 655 835 732 repetunt.
896 639 965 710 Sed
998 640 1149 710 trent--

66 743 134 814 sius
148 741 206 826 ²¹¹)
225 744 266 806 in
285 745 470 808 notissimo
489 761 553 810 suto
573 743 774 812 emendandi
793 747 942 834 impetu,
969 747 1047 830 quia
1061 743 1120 808 Pi·
1145 816 1150 825 ¹

64 865 184 910 rasum
205 866 289 912 cum
303 844 501 938 Monychiis
524 849 556 914 ei
574 845 744 918 adiunctis
764 849 899 916 tertiam
912 843 1117 914 Athenarum

62 963 198 1037 partem
209 949 341 1018 fecisse
354 951 614 1034 demonstravit,
634 952 928 1042 Agoranomorum
941 973 1118 1032 numerum

63 1051 195 1141 duplici
213 1052 324 1120 modo
346 1057 515 1136 correxit,
543 1076 666 1146 nempe
685 1077 803 1124 eorum
817 1074 981 1126 summam
1002 1055 1116 1144 dupli.-

62 1177 142 1222 oans
169 1159 298 1246 uiginti
318 1151 398 1246 (a')'
413 1179 478 1249 pro
497 1159 617 1244 decem
645 1152 708 1246 (ι’)
727 1157 857 1250 legere,
892 1171 965 1228 tum
991 1181 1036 1226 ex
1062 1157 1116 1226 his

60 1262 263 1346 quindecim
285 1260 451 1344 Athenis,
490 1265 640 1350 quinque
664 1262 783 1330 Piraeo
812 1261 1004 1354 praefectos
1023 1266 1115 1328 acci·

62 1385 142 1453 pere
180 1367 388 1454 proposuit:
425 1364 548 1432 deinde
582 1384 626 1430 ex
661 1363 778 1430 eadem
807 1368 939 1432 ratione
974 1364 1113 1430 eandem

61 1469 341 1536 mundationem
363 1471 401 1534 in
422 1467 690 1561 As'rynomorum
719 1488 864 1534 numero
884 1473 1113 1536 'necessariam

62 1589 131 1636 esse
156 1569 287 1638 voluit
335 1569 404 1636 Sed
424 1573 487 1638 viri
508 1569 682 1638 festinatio
703 1589 845 1660 prorsus
863 1559 937 1637 nun
947 1575 1112 1636 rationem

35 1682 40 1695 '
62 1671 197 1753 hahuit,
244 1671 339 1758 quod
360 1672 497 1740 Piraeus
518 1685 678 1760 tanquam
699 1686 819 1782 portus
838 1671 1112 1758 Athenarumque

63 1782 261 1868 emporium
282 1795 326 1840 ex
349 1771 421 1840 sola
442 1777 636 1842 commercii
657 1775 756 1844 causa
777 1780 905 1842 maiore
925 1773 1112 1842 forensium

4 1877 337 1980 disciplinaeque
368 1873 475 1944 civilis
500 1879 756 1964 magistratuum
785 1897 927 1944 numero
946 1888 1110 1955 uteretur,

3 1996 6 2080 J
61 2004 158 2067 quam
187 1975 364 2062 maturalis
396 1975 516 2070 populi
550 1977 738 2064 Frequentia
770 1973 950 2068 efflagitare
983 1991 1110 2068 posset.

59 2083 197 2168 Quodsi
228 2101 310 2147 vero
334 2077 378 2145 ad
401 2093 597 2168 argumenta
621 2079 770 2146 adhunc
797 2085 1025 2148 coniecturam
1051 2075 1109 2144 fin·

57 2186 182 2252 manda
211 2193 421 2270 spectamus,
453 2178 540 2244 nihil
562 2179 653 2246 aliud
675 2179 847 2248 Meursihs
867 2181 1022 2272 proferre
1045 2202 1109 2270 po-

55 2296 139 2368 tuit,
165 2307 276 2373 quam
294 2297 334 2350 ut
346 2283 604 2372 *Harpocration
622 2285 762 2352 eandem
783 2285 984 2352 divisionem
998 2290 1034 2352 in
1052 2288 1109 2352 Si-

1 2453 2 2468 ,
55 2387 287 2481 tophylacum
299 2387 497 2474 magistratu
518 2385 723 2471 (quindecim
736 2384 890 2466 AtheniS,
912 2392 1060 2474 quinque
1072 2391 1107 2452 in

1 2505 10 2557 t
56 2491 194 2577 Piraeo)
224 2501 260 2554 et
282 2483 483 2551 Plutarchus
512 2501 592 2576 post
617 2485 767 2553 Athenas
788 2509 807 2552 a
828 2487 1106 2555 Lacedaemoniis

56 2604 276 2685 expugnatas
288 2594 323 2653 in
336 2589 554 2654 instituendis
568 2593 705 2678 triginta
718 2593 794 2656 urbi
807 2593 1000 2680 praefectis,
1021 2611 1106 2678 quos

1 2705 3 2736 t
54 2688 155 2788 vulgo
176 2697 323 2781 triginta
336 2705 498 2784 tyrannos
512 2706 727 2781 nuncupant,
750 2709 885 2782 praeter
898 2717 983 2782 quos
997 2699 1032 2758 iu
1046 2694 1105 2758 Pi-

53 2821 134 2866 raeo
161 2791 439 2862 administrando
458 2792 575 2858 decem
597 2791 664 2858 alii
675 2791 954 2882 praeficerentur,
990 2794 1105 2862 trade-

52 2915 141 2968 rent.
203 2895 274 2966 Sed
304 2898 458 2980 quisnam
487 2897 523 2960 in
552 2891 606 2960 his
631 2895 796 2986 exemplis
821 2917 891 2962 uon
916 2898 1008 2964 videt
1033 2918 1104 2962 rem
1197 2952 1200 2968 ,

123 3122 197 3193 2⁰9)
218 3122 396 3188 Harpocrat.
417 3137 440 3176 r.
467 3114 720 3192 vom’Aoruro'uoc’
751 3105 1042 3194 ,Aquoodirnc'sord
1056 3129 1103 3178 Τι-

49 3206 228 3284 μοκράτους.
259 3205 328 3262 da'su
346 3207 431 3278 φηυὶν
452 3199 523 3262 εἶναι
545 3203 610 3270 τοὺς
630 3203 800 3278 detonduntur
816 3203 1005 3283 'Ammoziiqe
1023 3211 1053 3263 ir
1069 3208 1104 3282 τῇ

45 3299 216 3370 Ἀθηναίων
231 3297 374 3370 stultulus,
393 3297 475 3354 πέντε
488 3295 688 3368 μὶνΙΙιιραιεῖ
707 3297 787 3352 na'ru
801 3291 830 3352 δ’
844 3301 873 3354 lv
885 3293 973 3352 dum
995 3291 1103 3362 audaste

50 3389 83 3445 oi
96 3406 171 3458 φησι
184 3385 281 3489 μὲλειων
296 3383 360 3482 trapi
373 3401 402 3436 re
416 3383 468 3437 τῶν
477 3375 647 3454 αῧὶηιρὶὖων
659 3403 706 3436 και
700 3383 857 3454 ψαλτριῶν
870 3385 916 3437 sui
929 3383 981 3438 τῶν
995 3401 1100 3458 sonpe-

1 3519 2 3528 ,
51 3475 143 3548 io'yur
164 3475 214 3530 aui
238 3469 290 3528 τῶν
307 3467 469 3527 conutituti’
505 3472 575 3526 Lex.
592 3471 708 3541 Seguer.
726 3471 803 3541 apud
822 3469 912 3532 seii.
925 3473 949 3532 1
966 3487 1033 3544 pag.
1048 3487 1100 3543 455

1 3599 2 3606 κ
54 3575 85 3618 et
97 3564 204 3620 Suidas
224 3560 328 3612 eadem
345 3559 431 3622 verba
441 3557 592 3627 praebent

124 3669 197 3738 210)
216 3667 292 3720 Nam
315 3663 423 3718 Pollux.
439 3664 473 3720 Χ.
494 3679 560 3731 nep.
574 3677 601 3730 4.
628 3678 691 3732 pag.
708 3671 760 3730 983
780 3665 983 3719 tantummodo
1000 3681 1100 3718 ‚ocem

54 3763 90 3813 ab
105 3757 179 3816 doto
198 3753 389 3807 derivandam
406 3751 510 3815 olfeci,
531 3759 560 3801 et
573 3749 734 3820 Hesychius
749 3751 970 3822 explicationem
984 3751 1099 3808 {utilem

54 3849 89 3920 „d
102 3835 351 3921 ὅιοικῶκκαιὰαρ
365 3836 460 3894 ‹iuru”
479 3837 637 3906 descripsit.

123 3954 192 4022 aar)
212 3951 291 4002 Lect.
313 3943 399 3998 Attic.
414 3945 436 3997 I.
459 3959 523 4012 cap.
542 3959 584 4012 ¹9·
