2610 4716
109 561 110 570 ,
148 498 151 508 “
238 499 350 584 annali
372 500 474 594 Villia
494 506 566 566 sine
590 499 660 566 ullo
679 505 797 566 aetatis
820 500 1031 578 discrimine,
1066 521 1146 586 ergo
1169 503 1299 564 trice-

158 195 162 299 ᾗ
238 225 303 294 aas
583 221 744 304 11111.
789 217 939 288 cnut.
1009 209 1012 216 ’

194 339 198 347 '
238 401 347 477 Nam,
376 419 407 466 si
396 397 634 466 Aedilitatem
651 396 820 464 Plebeiam
845 409 943 482 atque
962 343 1119 472 Curulem
1139 415 1183 462 ex
1205 392 1299 482 lege¹

237 604 325 668 simo
345 589 443 692 sputo
466 621 571 679 anno,
598 587 886 666 acandidatist
823 625 872 690 pe
874 605 970 666 titarn
985 621 1059 666 esse
1076 606 1299 690 accipimus,

237 721 373 765 omnem
392 669 654 766 dubitationem
656 721 851 768 evanescere
873 703 1042 778 videmus,
1079 725 1138 766 cur
1157 710 1276 790 paucis

132 813 134 820 '
236 807 334 898 aunis
352 815 428 868 ante
442 801 530 895 hepo
546 803 657 890 legem
668 803 803 906 Aediles
817 804 943 870 Plebeii
960 827 1063 890 aeque
1078 827 1117 870 ac
1132 805 1276 872 Curules

236 885 351 974 stadia
373 929 422 972 ex
442 926 515 972 suo
538 912 793 994 magistratu
811 913 902 972 nacti
926 913 995 973 sint
1016 909 1212 988 Praeturam
1227 913 1276 994 3¹),
1298 899 1299 996 1

237 1029 300 1074 cur
320 1013 420 1075 etiarn
432 1021 550 1098 postea
564 1011 654 1074 idem
667 1011 794 1098 pluries
806 1010 934 1074 facturn
947 1015 1008 1090 sit,
1038 1024 1095 1074 aut
1110 1011 1276 1076 Tribuni-

234 1115 282 1176 111
293 1116 432 1196 antiquo
447 1111 613 1176 Aedilium
628 1111 677 1174 Pl.
695 1111 733 1174 of
718 1108 807 1174 fficio
823 1121 901 1198 e'rga
920 1110 1089 1176 Tribunos
1103 1109 1213 1176 Pll
1173 1112 1275 1200 plane

234 1195 392 1300 neglecto
412 1227 491 1300 post
505 1197 725 1276 Tribunatum
740 1211 877 1278 Plebis
866 1233 934 1280 ram
947 1223 1079 1298 gestum
1096 1215 1276 1296 quaesive-
1298 1209 1299 1278 l

175 1340 180 1349 ·
234 1303 307 1383 lint
318 1311 534 1397 Aedilitatem
542 1310 728 1388 plebeiam,
752 1334 769 1375 e
784 1331 850 1394 qua
861 1315 953 1376 iusto
966 1308 1122 1380 intervall
1122 1331 1143 1372 o
1156 1319 1275 1372 trans·
1298 1285 1299 1414 1

234 1428 375 1502 gresso,
407 1419 546 1480 omnino
569 1411 728 1478 Curulem
755 1434 824 1480 non
845 1415 1045 1490 ambientes,
1079 1418 1184 1478 creati
1201 1415 1299 1478 sint

173 1518 194 1551 ”
234 1516 411 1582 Praetores
424 1517 483 1604 ⁴⁰):
512 1516 601 1580 unde
621 1537 753 1600 quoque
766 1493 896 1579 elucet
886 1513 1034 1598 1aintu'm
1050 1518 1215 1602 temporis
1236 1535 1299 1608 aQ

233 1623 354 1686 maiori
370 1618 506 1703 quidem
521 1617 626 1703 gradu
643 1619 743 1681 etiarn
757 1618 928 1702 posterius
943 1617 1138 1701 opinionem
1156 1614 1273 1702 publi
1298 1579 1299 1694 1

234 1717 308 1788 carn
334 1725 403 1786 noir
422 1719 566 1784 multum
588 1719 783 1784 distinxisse
804 1723 894 1783 inter
913 1717 1127 1783 Aedilitatem
1147 1717 1299 1784 Plebe-
1298 1697 1299 1816 1

232 1828 301 1888 iam
321 1843 359 1887 ac
374 1803 558 1899 Curulem,
585 1842 687 1917 quum
710 1819 768 1884 illa
788 1817 879 1886 haud
899 1812 999 1917 dubie
1023 1833 1104 1886 tunc
1123 1827 1273 1908 graviori

231 1923 393 2015 gauderet
410 1925 607 1986 anctoritate
613 1942 722 2007 quam
737 1934 843 1986 antea.

265 2024 424 2108 Quod
456 2036 566 2088 autem
593 2022 636 2086 ad
662 2022 884 2105 Quaesturam
911 2035 946 2088 et
974 1993 1197 2090 Tribunatum
1222 2023 1271 2090 Pl

230 2095 381 2218 spectat,
406 2131 453 2190 iu
463 2129 583 2210 quibus
600 2125 780 2210 vulgariter
799 2123 956 2209 curriculi
970 2124 1098 2212 publici
1112 2099 1299 2196 tirocinial
1298 2163 1299 2232 1

79 2199 112 2248 '⁸
166 2297 167 2300 ,
233 2233 507 2319 exercebantur,
516 2251 696 2316 quaerero
710 2227 948 2309 nihilominus,
970 2235 1274 2320 ac1nprnn1squi-
1298 2233 1299 2336 1

222 2333 310 2416 Υ111111
334 2334 558 2410 Tribunatus,
594 2336 696 2396 aetati
719 2335 924 2420 provectiori
945 2336 1106 2419 persaepe
1128 2331 1299 2397 deman·
1298 2347 1299 2424 1

35 2427 44 2466 ”
118 2504 122 2510 ,
233 2436 417 2515 dabantur,
446 2438 580 2514 sivesex
595 2440 774 2524 proposito
795 2433 922 2530 publici
944 2427 1114 2500 commodi
1132 2440 1299 2548 incom-1

231 2538 366 2620 modive
389 2556 506 2602 caussa
516 2537 570 2624 ⁴¹)
599 2543 668 2606 sive
690 2537 805 2604 forsan
827 2539 965 2602 fortuna
986 2561 1055 2604 uon
1066 2559 1161 2626 prius
1178 2535 1299 2606 Can-l

172 2652 175 2658 '
232 2641 348 2708 didato
368 2639 513 2719 faventi,
540 2642 658 2706 conari
676 2663 744 2706 non
766 2661 956 2730 possumus
964 2641 1089 2726 aliquid
1102 2641 1299 2734 affirmare
1298 2603 1299 2686 l

179 2759 187 2764 “
219 2745 276 2811 'de
296 2764 402 2830 anuo,
431 2763 500 2830 quo
519 2747 667 2870 primum
688 2765 745 2810 eos
722 2763 939 2864 papessere
957 2742 1086 2810 liceret
1134 2744 1273 2812 Atiam
1298 2725 1299 2872 1

184 3025 193 3039 2
252 3011 345 3080 59)
366 3007 441 3062 Lien
454 3005 620 3066 XXVIII
602 3021 694 3076 e.103
713 3007 800 3064 XXX.
817 3024 844 3062 c.
846 3002 905 3072 161
925 2992 1028 3072 XXXI·
1019 3025 1133 3086 .ι·.51;
1147 3013 1269 3117 XXXII

230 3095 384 3168 1,]11111.
397 3095 522 3165 exempl

230 3200 346 3268 40)
369 3199 415 3252 De
437 3197 540 3268 Laelip
559 3197 647 3250 tertio
671 3212 749 3250 auno
769 3205 836 3267 pust
855 3198 1048 3253 Tribunatum
1071 3201 1133 3270 PL,
1162 3207 1267 3258 aetuti'a
1298 3217 1299 3260 1

228 3293 327 3342 autern
340 3285 557 3356 quadragesimo
570 3285 665 3354 primo
680 3285 725 3337 vel
737 3287 880 3355 secundo,
898 3287 991 3340 Aedili
1002 3289 1046 3345 Pl.
1063 3291 1143 3343 facto
1156 3293 1267 3364 videas,
1298 3303 1299 3348 3

147 3426 154 3453 1
229 3386 304 3442 qnae
319 3373 446 3429 Ellendt.
467 3374 498 3426 in
519 3367 732 3442 prolegomenis
752 3373 790 3426 ed
803 3374 938 3427 ciceron.
954 3377 1035 3430 Brut.
1054 3389 1118 3449 pag.
1134 3381 1217 3434 16-
1232 3400 1266 3452 ²7
1298 3411 1299 3416 =

126 3521 129 3526 ,
177 3473 181 3486 ’
229 3464 365 3534 collegit,
390 3463 616 3517 nbiAedilitatie
633 3472 734 3516 tameo
754 3477 846 3516 annua
867 3465 963 3533 111615
977 3468 1082 3536 corrigi
1100 3469 1204 3524 debet:
1230 3485 1266 3522 eo
1298 3503 1299 3506 =

226 3552 313 3622 plura
330 3553 387 3606 alie
401 3539 537 3622 exempla
548 3551 711 3624 Aedilitatie
727 3553 871 3620 seeundo,
896 3554 1001 3623 tertio,
1028 3567 1132 3627 quarto
1153 3560 1199 3612 vel
1215 3563 1266 3614 ad-

227 3641 288 3698 bue
297 3641 457 3712 posteriore
471 3657 548 3694 anne
559 3650 624 3711 pont
637 3641 828 3694 Tribunatum
841 3651 979 3711 acceptae
991 3649 1135 3718 congessit
1147 3651 1266 3722 Pighius

226 3728 259 3782 iu
272 3727 428 3780 Annalibus
442 3727 515 3780 sixti
529 3736 557 3780 et
571 3727 687 3806 septimi
699 3728 789 3780 seculi
802 3727 865 3780 urb.
882 3730 990 3784 condit.
1060 3727 1070 3772 ἰ

240 3855 242 3860 -
258 3828 345 3902 4¹)
369 3833 431 3888 Nec
452 3835 554 3885 minus
561 3833 609 3896 ,de
631 3833 686 3886 hac
706 3851 739 3885 re
759 3833 856 3904 Pighii
874 3837 1030 3890 Annalium
1052 3839 1119 3893 libri
1139 3847 1265 3913 excitati

99 3953 103 3964 ·
218 3905 336 3988 'largam
351 3919 546 3988 exemplorum
558 3921 673 3989 coprem
687 3923 844 3991 praebent
869 3939 996 3993 quorum
1006 3927 1159 3986 notissima
1171 3935 1264 3988 ettam

226 4005 357 4076 vulgaria
372 4007 541 4074 compendia
554 4004 741 4062 liisturierum
752 4020 949 4082 susceperunt.
