2634 4710
389 241 532 368 Lllil
574 238 681 310 CAP.
699 241 739 308 V.
1021 237 1083 308 tet

33 421 254 488 decemviros
274 430 412 486 exactos
434 419 498 486 446
519 439 547 484 a.
572 395 635 484 Ωιι.
655 440 689 483 ιι.
701 415 727 504 ⁸)
750 416 809 484 L.
819 414 957 504 Valerio
975 427 1011 482 et
1031 411 1081 480 Μ.

33 526 181 588 Horatio
196 521 236 590 Ω
258 557 302 574 -
324 535 385 600 „ut
399 519 714 588 senatusconsulta·
704 541 740 588 ιιι
755 519 872 588 aedem
889 517 1025 586 Cereris
1038 515 1082 584 ad

34 626 173 694 Aediles
198 623 312 714 plebis
328 623 563 702 deferrentur,
588 643 672 709 quae
685 632 783 690 antee
795 623 937 686 arbitrio
952 638 1083 690 coneur-

34 731 108 794 lnm
141 727 447 816 supprimebantur
483 727 782 810 vitiabanturque.’'
823 721 973 790 Necesse
1001 739 1090 808 ergo
1140 785 1145 798 ,

36 828 121 910 init,
147 841 192 894 nt
206 827 344 894 Aediles
365 831 433 892 iam
445 830 541 916 prius
554 825 692 894 Cereris
707 824 801 892 aedis
813 843 928 890 curam
942 819 1084 890 similia-

38 957 102 1020 que
122 932 240 1000 officia
258 932 541 998 administrarent.
594 929 706 1016 Quam
718 950 800 998 vero
817 929 903 996 bene
915 929 1085 994 consentit

39 1049 117 1103 cuin
135 1035 206 1102 hac
224 1037 373 1100 nominis
392 1032 635 1122 explicatione,
660 1031 830 1131 Aedilium
850 1035 978 1122 primae
1000 1049 1085 1096 con·

42 1142 234 1206 stitutionis
250 1139 420 1203 enarratio
429 1139 515 1224 ipsa,
536 1134 746 1226 quamplura
760 1155 800 1202 ac
814 1137 968 1224 graviora
980 1133 1085 1198 testi-

41 1245 154 1306 monia
190 1244 372 1306 urstiuent.
430 1237 601 1307 Aediles
643 1259 808 1328 nempe
833 1233 961 1305 simul
996 1255 1086 1304 curn

44 1349 259 1413 Tribunis
281 1325 1086 1463 pL,qnod1grturqutbusdamuleneibuspost

44 1448 149 1536 plebis
175 1449 402 1514 secessionem
423 1449 626 1512 inmontem
636 1445 834 1512 sacrum-
791 1445 962 1512 -.498a
976 1440 1039 1510 Ωι.
1051 1463 1086 1510 ιι.
1121 1437 1124 1444 '

45 1587 85 1602 -
103 1551 321 1628 factumest,
349 1551 483 1615 creati
503 1561 617 1627 sunt,
646 1559 691 1612 ut
712 1547 806 1615 illis
827 1551 938 1614 omni
959 1545 1086 1612 modo

48 1649 400 1740 opitularentur,
453 1651 683 1738 praecipue
717 1667 819 1716 vero
853 1668 873 1712 ι
911 1645 1086 1714 litteris

47 1752 309 1826 adminiculo
344 1763 510 1838 essent;
553 1751 665 1818 unde
693 1771 872 1819 necesse
900 1751 1005 1831 init,
1039 1759 1086 1816 ut

48 1873 193 1949 postca
223 1860 505 1944 tribunorum
524 1860 795 1946 rogationes,
829 1877 936 1943 quas
958 1855 1086 1945 plebs
1126 1899 1129 1908 ‚

49 1967 260 2038 sciverat,
310 1970 572 2046 reponerent
619 1971 748 2044 atque
789 1962 1086 2028 observarent.

50 2068 189 2132 Tribuni
216 2051 264 2151 pi
286 2073 396 2156 autem
414 2083 518 2148 quum
529 2057 639 2152 plebis
650 2065 776 2128 iurittm
790 2061 987 2130 defensioue
1000 2081 1087 2130 con-

7 2207 8 2220 ι
49 2179 95 2232 ιιι
106 2167 279 2231 Patricios
294 2183 428 2252 semper
441 2177 706 2252 occuparentur,
734 2163 870 2232 Aediles
884 2178 923 2232 ut
935 2167 1088 2254 proximi

50 2285 79 2336 et
94 2285 172 2337 tum
190 2271 360 2358 temporis
379 2267 444 2335 soli
460 2273 674 2358 magistratus
694 2269 819 2359 plebeii
840 2276 875 2336 io
889 2276 1012 2338 ceteris
1028 2293 1087 2338 re·

50 2378 104 2441 bus
119 2374 165 2439 ad
180 2376 394 2461 superiorem
406 2371 516 2460 plebis
532 2391 646 2438 curam
660 2373 882 2457 accedebant,
909 2395 1011 2460 quare
1024 2373 1087 2438 adq

7 2465 9 2484 ¹
51 2481 308 2546 ministrationis
342 2481 529 2544 communis
563 2497 705 2544 munera
731 2480 878 2544 obibant.
926 2480 975 2544 Ea
1003 2499 1089 2566 quae

7 2575 120 2700 ξιιιιι
134 2593 173 2646 ut
197 2581 382 2671 affirmem,
422 2578 481 2654 his
506 2581 650 2646 testibus
664 2593 761 2660 utor,
794 2604 939 2669 quorum
952 2587 1089 2674 primos

7 2665 139 2784 {pono
152 2687 295 2751 Sextum
307 2684 506 2772 Pompeium
519 2683 657 2748 Festum
672 2693 771 2770 atque
789 2685 913 2752 Aulum
928 2683 1087 2754 Gellium.

53 2785 108 2850 lile
131 2788 370 2872 grammaticus
393 2807 411 2850 e
430 2781 545 2850 medio
558 2783 672 2852 seculo
687 2799 808 2870 quarto
822 2799 902 2878 post
918 2785 975 2855 Ch.
990 2810 1024 2854 n.
1029 2785 1090 2854 de

55 2890 231 2954 verborum
250 2883 493 2975 significatione
514 2883 638 2967 libros,
665 2901 704 2954 ut
720 2893 935 2956 notissimum
948 2902 1091 2988 constat,

7 2999 8 3004 ’
58 2995 232 3055 maximam
253 3002 403 3078 partem
401 3013 427 3058 e
446 2993 571 3057 Verrio
591 2989 713 3056 Flacco
732 3006 903 3063 mutuatus
924 3007 996 3076 est,
1032 3007 1092 3062 aut

7 3101 9 3206 ι
58 3097 155 3180 magis
178 3097 280 3158 etiam
300 3093 413 3157 Vettii
433 3090 543 3157 libros
557 3067 728 3180 pleniores
740 3095 935 3163 informem
955 3101 1092 3168 brevio-

7 3169 9 3324 ξ
58 3214 123 3258 rem
136 3193 277 3281 redegit
326 3191 509 3278 Utcunque
531 3213 612 3261 vero
633 3215 688 3261 res
710 3217 745 3262 se
758 3195 898 3277 habeat,
914 3219 1002 3267 sane
1015 3220 1092 3268 cer-

59 3309 124 3363 tum
138 3311 202 3376 est,
224 3301 387 3363 seriorem
399 3301 652 3384 grammaticum
664 3303 699 3362 in
713 3303 825 3382 rebuS,
847 3324 930 3388 quae
944 3309 1092 3391 antiqui-

7 3473 9 3492 Ι
60 3417 155 3470 tatem
177 3402 377 3468 historicam
398 3405 585 3490 attingunt,
625 3406 765 3470 verbum
790 3429 855 3494 pro
878 3411 982 3476 verbo
1000 3415 1093 3475 anti.

62 3515 209 3596 quiorem
224 3501 406 3592 sequutum
427 3528 517 3586 esse,
546 3501 636 3590 'quod
653 3521 826 3608 praeterea
843 3511 957 3580 seculo
971 3527 1093 3602 quarto

66 3669 288 3688 ω

121 3788 150 3852 8)
186 3782 232 3836 Ob
265 3779 428 3844 faciliorem
461 3779 684 3852 intelligentiam
709 3773 1001 3860 coniunctionumque
1027 3807 1094 3846 cum

63 3870 180 3941 eliorum
201 3867 373 3938 populorum
395 3866 524 3921 historiis
537 3869 745 3922 instituendam
756 3889 803 3924 me
815 3890 930 3945 semper
948 3880 1094 3935 rationem

65 3956 300 4026 chronologicam
320 3968 465 4006 annorum
490 3965 560 4009 ante
581 3963 610 4010 et
632 3967 696 4026 post
709 3958 853 4014 Christum
872 3974 972 4018 natum
991 3973 1096 4023 nrrmei

66 4045 216 4100 raedorum
234 4041 401 4098 adhibuisse
418 4057 533 4098 moneo.
