2634 4710
201 195 366 312 ’,ιιιῖΙ
438 207 466 264 ἰ
590 234 732 302 arur.
776 233 943 302 oauv.
1011 303 1014 312 ,
1104 205 1195 328 J's
1293 179 1294 258 3

199 391 419 480 ·nuisset,·
411 368 486 491 ·qui
520 413 557 474 in
585 411 778 500 compendii
808 413 962 489 oratione
991 409 1093 478 valde
1130 403 1290 496 ambi‘gua

37 547 41 556 .
151 509 154 520 ’
235 501 371 620 Aediles
400 517 435 571 et
463 511 714 598 AgoranomoS,
751 525 790 578 ut
817 513 901 578 mihi
929 513 1118 579 manifesto
1144 505 1294 604 videtum

48 643 75 720 ι.
151 629 153 632 ·
235 606 334 670 iuxta
350 597 551 702 munducat
544 628 586 682 et
596 617 768 687 Aedituus
790 620 898 705 ponit
965 615 1034 682 Sed
1047 585 1294 708 Aedituentesi

193 741 195 751 ι
235 703 290 771 vel
316 707 463 780 Aeditui
478 715 571 784 haud
590 719 836 808 proculdubio
853 722 999 798 nonnisi
1016 719 1116 784 aedis
1137 709 1294 806 ministri

235 804 415 882 infenores
435 827 533 899 sunt,
559 825 619 909 qni
638 820 738 886 aedes
757 810 959 938 purgandas
972 839 1011 884 ac
1033 807 1294 908 supellectssem

162 963 165 970 ,
198 1012 203 1022 1
236 927 412 982 sacrorum
424 922 658 988 asservandum
670 933 805 999 curant,
827 933 862 988 et
875 943 912 986 ιιι
924 925 1053 988 nostris
1065 921 1294 1022 temporibus

234 1020 271 1080 in
292 1037 356 1086 usu
374 1036 475 1104 sunt,
504 1029 546 1093 ab
568 1023 725 1093 officio
699 1049 761 1094 suo
777 1027 866 1116 apud
880 1039 1049 1094 nostrates
1062 971 1294 1100 Thitrstehed

233 1120 297 1190 vel·
298 1123 469 1194 Kirchner
486 1128 541 1197 vel
555 1130 682 1199 Kilster
704 1119 905 1218 nuncupati,
934 1141 1188 1218 praetereaque
1208 1146 1285 1214 per
1293 1151 1294 1200 ι

194 1249 198 1253 ·
232 1241 339 1323 petuo
358 1235 418 1295 uni
437 1231 613 1320 eidemque
632 1235 708 1300 aedi
733 1229 845 1301 sacrae
866 1233 1028 1322 adscripti
1048 1243 1150 1298 sunt.
1183 1213 1294 1298 Nihili

233 1325 314 1418 ergo
338 1333 599 1426 etymologicum
616 1335 709 1401 Festi
734 1320 929 1448 scholion&
949 1334 1145 1428 „Aedituus
1174 1343 1294 1398 sacrae

232 1437 324 1503 aedis
339 1447 446 1520 tutor,
459 1439 500 1513 id
512 1453 562 1506 est
577 1459 692 1506 curam
706 1447 822 1528 ageus’
823 1415 944 1504 'aliud
958 1439 1203 1504 demonstrare
1217 1453 1294 1521 po-

233 1536 335 1619 test,
340 1561 440 1632 quam
452 1539 544 1608 illam
558 1541 800 1630 supradictam
815 1563 932 1618 curam
942 1543 1110 1620 infinitus,
1136 1558 1208 1624 qua
1225 1555 1294 1600 ca

233 1653 388 1725 veretur,
412 1667 456 1712 ne
477 1646 560 1732 quid
577 1647 692 1748 damni
710 1645 898 1712 aedificium
920 1647 994 1712 sive
1006 1662 1086 1712 vasa
1105 1661 1210 1708 sacra
1224 1658 1279 1702 ac-

236 1749 397 1834 ciperent.
471 1824 475 1833 ¹
1293 1769 1294 1774 ¹

320 1869 389 1937 Sed
408 1868 580 1938 Aedilium
592 1875 746 1948 {nominis
770 1875 900 1959 origine
916 1891 1007 1935 nuno
1029 1872 1187 1958 cognita,
1211 1871 1294 1932 sta-¹

232 1977 297 2039 tim
310 1972 422 2041 altera
440 1979 605 2058 quaestio.
618 1980 792 2054 exoritur,
821 1995 921 2066 quam
941 1975 988 2054 ob
999 1993 1080 2039 rem
1101 1972 1275 2060 praeci-

231 2097 312 2166 pue
340 2095 557 2142 sacrarum
585 2077 753 2143 aedium
779 2067 881 2141 ‘cura
907 2073 1042 2164 plebeio
1061 2070 1275 2161 magistratui

233 2181 510 2244 committeretur.
523 2221 526 2230 -
557 2177 588 2244 A
601 2176 738 2248 Cereris
752 2179 851 2256 aede,
873 2197 939 2262 qua
951 2176 1079 2242 Plebeii
1094 2199 1113 2242 e
1127 2169 1271 2241 naturali
1293 2183 1294 2194 ¹

217 2282 319 2348 'vitae
334 2279 455 2347 ‚civilis
472 2283 712 2346 coniunctione
735 2299 830 2346 sacra
851 2283 999 2344 maxima
1019 2277 1272 2348 celebraverint,

231 2397 269 2451 ut
288 2385 403 2474 fruges
421 2387 507 2450 bene
520 2389 759 2473 provenirent,
791 2387 879 2449 circa
900 2403 1000 2468 quam
1012 2387 1047 2446 in
1062 2385 1167 2448 rebus
1180 2399 1271 2445 com-

98 2523 104 2529 *
158 2571 161 2577 .
230 2491 389 2556 munibus
407 2489 533 2574 aliquid
548 2500 761 2578 peragentes
783 2481 963 2556 convenire
979 2486 1071 2553 soliti
1086 2491 1170 2564 sint,
1191 2499 1270 2568 quae

230 2586 335 2685 igitur
348 2594 458 2684 plebis
473 2592 571 2658 focus
588 2597 718 2659 censeri
728 2597 861 2681 potuit,
889 2591 1065 2658 baeccu'ra
1082 2586 1209 2656 exiisse
1221 2587 1269 2650 vi-

190 2739 193 2754 ·
232 2701 352 2766 detur.'
392 2696 460 2762 Sed
480 2707 635 2761 auctores
658 2709 789 2762 veteres
812 2693 913 2762 huius
938 2699 990 2774 rei
1004 2713 1158 2760 caussam
1174 2689 1294 2779 plane}

164 2848 166 2851 -
230 2810 425 2878 tacuerunt,
448 2820 491 2864 eo
504 2809 637 2862 tantum
653 2809 889 2886 congruentes,
913 2809 953 2862 ut
966 2802 1033 2891 iam
1046 2801 1169 2888 primis
1184 2793 1268 2858 libe-
1293 2809 1294 2816 ¹

229 2899 450 2988 riorisplebis
464 2899 666 2964 conditionis
679 2901 889 2986 temporibus
904 2893 1209 2972 sedatusconsulta,
1228 2911 1268 2954 ne

229 3009 440 3082 vitiarentur,
461 3001 635 3067 Aedilibus
651 3001 871 3066 custodienda
883 3001 1009 3064 tradita
1026 3015 1147 3068 essent.
1182 2995 1267 3063 Livii

111 3185 113 3188 ,
160 3168 162 3173 .
230 3099 321 3182 νειό,
336 3107 546 3194 reliquorum
566 3108 638 3176 vice
658 3094 732 3170 rem
754 3103 934 3169 referentis
948 3103 974 3192 7)
998 3095 1097 3171 verba
1116 3110 1192 3194 ipsa
1207 3121 1265 3162 au-

170 3213 178 3221 '
221 3213 380 3280 'diamusz
414 3211 630 3290 „institutum
654 3208 695 3272 ab
716 3205 839 3272 iisdem
861 3204 1070 3272 Consulibus
1078 3215 1094 3237 ”
1116 3241 1158 3259 -
1189 3209 1264 3292 post
1293 3283 1294 3288 4

229 3409 456 3431 Μ

272 3514 274 3526 Ι
300 3517 373 3620 Gis.
388 3559 450 3598 voc.
465 3541 612 3620 Aedituus.

222 3675 224 3685 ’
257 3677 327 3749 7)
344 3671 409 3730 Lib.
425 3670 478 3724 111.
502 3681 567 3734 cap.
581 3678 636 3732 55,
660 3676 717 3732 quo
739 3677 806 3716 cum
823 3659 888 3714 loco
901 3659 998 3720 alium
1012 3669 1095 3714 arcte
1109 3661 1260 3728 coniungas

229 3767 272 3820 ib
288 3764 342 3817 111
365 3775 431 3826 cap
449 3771 499 3826 57:
533 3749 726 3820 „priusquam
744 3747 846 3798 urbem
866 3738 1075 3816 egrederentur
1097 3744 1260 3803 truanni-

210 3847 213 3852 ’
229 3856 322 3924 445⁸·
337 3849 391 3904 Ch.
405 3865 435 3898 n.
453 3873 488 3890 -
506 3843 585 3910 legas
598 3837 821 3903 decemvirales,
843 3836 944 3906 qmbus
956 3835 1063 3890 tabulis
1077 3838 1224 3892 duodecim
1235 3841 1261 3884 et

228 3958 354 4008 manen,
378 3930 410 3992 iu'
425 3950 474 3988 aes
493 3931 600 3984 incisae
611 3927 643 3980 iu
653 3925 771 3998 publico
782 3931 1004 3996 proposuerunt.
1040 3927 1112 3981 Sunt
1124 3928 1174 4000 qui
1187 3928 1258 3980 iussu

230 4031 414 4085 tribunorum
430 4020 541 4076 Aediles
554 4018 671 4073 iunctos
682 4031 744 4068 este
761 4013 921 4069 ministerio
936 4014 1095 4074 scribant.'’
