2634 4710
270 189 274 194 ’
337 141 524 308 ‚utun
567 209 674 302 cnr.
695 213 737 280 v.
1011 215 1079 306 ara

54 395 156 470 rixas,
176 393 250 457 sire
261 386 371 456 simile
384 386 467 474 quid
480 387 572 456 eliud
584 388 723 474 quondo
736 385 873 456 Aediles
886 387 1083 458 sudmuu

55 509 181 586 perent,
224 515 386 585 persaepe
419 499 506 564 vitae
539 495 722 560 discrimen
757 495 901 588 adirent,
919 495 1082 584 oportm

57 601 264 690 Quapropter
283 622 311 664 a.
327 603 390 666 atr
403 621 430 664 a
447 596 509 664 Ch.
529 619 563 662 n.
579 597 619 662 L.
636 596 774 664 Valerio
795 611 895 684 atque
910 599 958 664 Μ.
970 601 1084 666 blora-

56 707 96 767 tio
108 701 331 781 Consulibus,
353 701 394 768 de
407 706 455 766 iis
465 714 564 787 atque
578 701 620 768 de
635 699 708 764 aliis
722 705 917 768 muneribus
930 701 1084 791 publicis,

56 811 167 892 quibus
190 810 314 873 crebro
337 805 490 895 pericula
518 809 638 870 minari
661 817 820 894 possent,
853 804 909 872 lex
939 807 1004 872 lata
1023 817 1086 886 est,

56 928 111 999 qua
125 916 296 978 sancitum
306 893 368 976 'est
381 911 439 997 “),
465 922 544 996 „ut‚
566 913 623 992 qui
637 909 800 974 Tribunis
813 908 879 998 pt,
893 909 1088 1006 desumus,

56 1017 241 1092 iudicibus,
254 1006 475 1094 ¹Decemviris
496 1015 687 1093 nocuisset,
724 1017 797 1078 eius
818 1025 919 1101 caput
940 1013 1008 1078 lovi
1030 1029 1089 1078 ss·-

59 1141 142 1184 crum
157 1128 267 1191 esset,
288 1113 468 1180 familiam
484 1113 598 1180 aedem
616 1111 769 1192 Cereris,
795 1115 912 1180 Liberi
925 1117 1089 1180 Liberae-

58 1239 113 1304 que
144 1221 378 1299 venumiret’⁰;
405 1235 483 1302 ergo
502 1215 591 1302 apud
613 1234 652 1280 ee
669 1215 743 1280 loca
758 1217 980 1294 venderetur,
1001 1237 1090 1302 quu-

59 1344 125 1388 rum
140 1320 282 1386 Aediles
295 1317 340 1408 pl.
356 1322 540 1406 antiquitus
553 1315 682 1382 fuerint
696 1319 885 1405 praesides,
910 1319 1002 1384 unde
1018 1319 1092 1385 Ae-
1112 1367 1117 1380 .

25 1499 26 1504 1
59 1425 220 1515 dilesips'i
232 1423 433 1490 familiarum
448 1421 657 1488 venditiones
675 1435 841 1488 exurerent
872 1424 917 1488 At
934 1422 1091 1490 Niebuh-

61 1532 122 1594 rius
135 1527 177 1613 ⁴⁵)
199 1548 275 1591 rem
296 1529 468 1614 angustius
487 1527 646 1612 exponit,
671 1535 714 1590 ut
728 1545 787 1590 sua
802 1531 920 1614 opinio
935 1528 977 1594 de
992 1541 1092 1594 utro-
1166 1575 1171 1586 ·

61 1656 115 1719 que
129 1632 255 1698 ordine
270 1629 522 1696 Romaeserere
537 1627 670 1694 secluso
687 1623 859 1708 servetur,
881 1649 946 1716 que
962 1637 1093 1698 ratione

61 1735 139 1803 banc
154 1735 267 1822 legem
281 1733 325 1798 ad
339 1737 555 1820 magistratus
571 1731 783 1798 solummodo
801 1733 1001 1826 plebeios
1006 1730 1094 1802 ιώ-

61 1835 256 1904 trahendam
265 1855 350 1910 esse
362 1836 679 1918 vendttronemque
669 1855 777 1923 upsarn
792 1843 964 1906 Cereris
984 1853 1096 1906 tem·

62 1944 115 2033 pli
144 1939 371 2014 commodo
398 1937 521 2004 iactam
543 1959 615 2004 esse
637 1940 831 2018 contendit,
861 1963 963 2026 quum
980 1941 1096 2022 Ceres,
1216 1959 1225 1968 '
1288 1961 1291 1974 ¹

63 2043 283 2135 agriculturae
297 2042 408 2120 dea,
399 2045 554 2130 inprimis
567 2039 694 2108 liberos
710 2045 981 2129 agricultores,
972 2071 993 2112 ι.
1010 2071 1048 2114 e.-
1044 2051 1097 2114 ek

25 2151 211 2252 eiusdem
228 2152 387 2235 opinione
404 2146 573 2232 plebeium
583 2146 739 2211 ordinem
754 2155 843 2214 tueri
859 2151 1013 2220 deberet:
1036 2154 1098 2224 sed

25 2215 191 2338 lungula
210 2248 252 2313 de
272 2247 334 2312 bac
347 2245 516 2312 Aedilium
531 2267 610 2312 cura
629 2245 742 2312 infra
731 2270 768 2312 ιιι
783 2247 862 2314 libri
878 2259 970 2330 tertii
988 2259 1098 2344 capite

25 2371 27 2428 t
65 2354 244 2419 undecimo
258 2349 501 2416 referentur,

25 2447 40 2574 l
141 2457 314 2542 Quintum
327 2449 651 2538 deniqueAedilium
668 2449 816 2520 officium
829 2457 1012 2544 peculiare
1016 2475 1102 2550 per·-
1145 2447 1149 2453 ¹

25 2561 149 2629 tinet
171 2557 222 2624 ad
245 2575 312 2622 res
335 2563 503 2634 sacras,
529 2556 578 2620 ud
601 2559 700 2642 ptos
723 2545 953 2645 religionis
985 2564 1102 2629 ritus

25 2649 314 2764 populique
333 2679 469 2724 mores
490 2669 665 2725 veteres
686 2663 999 2743 observandos,
1020 2685 1104 2754 po·
1151 2681 1156 2696 '

25 2775 234 2834 {stremo
262 2759 326 2826 ad
336 2757 465 2824 ludos
499 2763 829 2842 antiquissimos
859 2783 1104 2852 procuratu·
1193 2775 1202 2834 .'

25 2837 149 2936 fidos
204 2862 317 2947 Quam
338 2882 421 2928 vero
441 2859 574 2926 facilem
596 2865 775 2927 transitum
798 2867 835 2928 in
861 2863 1104 2952 huncquoque

25 2945 27 3052 l
66 2993 181 3040 curam
196 2965 389 3034 ceterarum
406 2969 601 3030 coniunctio
612 2969 725 3056 parari
739 2971 891 3049 iusserit,
913 2969 1003 3035 haud
1019 2993 1106 3062 cun-

25 3073 27 3146 l
68 3088 201 3144 stanter
216 3065 546 3174 quisqueiutelliget
589 3067 658 3134 lam
673 3090 870 3138 conoessum
883 3085 950 3155 est
966 3043 1107 3158 'Aediles
1176 3143 1180 3148 ,

67 3181 203 3248 aedium
220 3191 387 3238 sacrarum
408 3153 518 3236 fuisse
534 3155 719 3248 antistitem,-
750 3175 797 3235 ita
812 3184 850 3234 ut
869 3171 934 3237 illis
948 3185 1109 3270 tanquam

67 3277 245 3346 tabulariis
259 3281 449 3366 uterentur,
468 3289 580 3352 neque
591 3273 704 3336 minus
716 3270 842 3338 tutelae
858 3271 1015 3361 publicae
1029 3293 1110 3340 eos-

987 3381 1007 3408 μ

137 3553 194 3626 44)
219 3546 295 3618 Liuii
314 3545 336 3600 1.
352 3543 407 3602 111.
438 3559 503 3612 cop.
514 3557 561 3614 55.
581 3544 635 3596 ‚At
648 3544 862 3616 quaestionem,
882 3516 956 3619 q'upe
968 3548 1037 3604 buis
1050 3514 1112 3620 lflfll

70 3645 161 3705 facile
174 3637 294 3696 annecti
307 3644 420 3708 potest,
440 3651 512 3688 uum
526 3631 639 3688 Aediles
652 3637 831 3690 remosuucti
843 3636 945 3692 baberi
959 3638 1114 3702 ducente
1132 3639 1136 3644 ’

69 3739 158 3791 Festo
179 3748 204 3783 s.
218 3745 248 3781 v.
269 3725 470 3792 Saororruot„
500 3722 581 3776 livio
604 3739 669 3792 cap.
687 3724 805 3780 excitet.
820 3727 983 3800 eodemque
995 3735 1115 3792 auctora

69 3822 178 3883 mx.
197 3835 224 3872 c.
239 3833 291 3884 ro,
308 3822 340 3869 et
353 3811 590 3882 Dionyrrllulio.
606 3813 671 3868 Vll.
689 3829 754 3884 cup.
769 3827 814 3885 55,
833 3833 912 3879 nuuc
925 3811 1115 3889 pleue‘cutit·
1144 3849 1156 3858 =

71 3911 172 3970 tentes
182 3908 215 3960 iu
226 3903 298 3978 libri
311 3901 410 3972 qumi
423 3899 519 3970 cupite
533 3899 629 3972 primo
643 3897 896 3970 peruectahimuess
918 3951 923 3960 .
1036 3903 1046 3957 .“

145 4017 194 4090 ss)
214 4013 301 4075 unu
319 4009 431 4067 cau.
449 4007 507 4066 ιιι
522 4009 549 4064 ι.
567 3987 635 4079 μὶ.
651 4009 715 4076 us.
888 3977 890 3982 ’
