2590 4718
67 205 1096 256 w-

49 662 206 777 Ultimis
228 695 289 775 hia
307 678 461 804 triginta
481 711 584 780 anuis
605 731 737 820 quum
744 733 834 784 rere
856 713 1091 815 egregiorum

47 827 236 918 virorum,
258 839 370 936 atque
384 785 674 924 profundissima¹
687 806 923 922 historiarum
938 837 1090 919 scientia

47 949 295 1039 imbuturum,
343 947 529 1044 Spittleri,
571 944 807 1044 Schloeaeri,
846 928 1089 1066 Iohannisque
1154 1027 1162 1038 ,

46 1067 258 1140 Mueller-i
244 1069 426 1184 ingeniis,
459 1080 534 1140 tam
557 1069 596 1137 ιιι
607 1070 948 1184 praelectionibus,
978 1095 1087 1186 quant

45 1189 274 1283 inscriptis,
308 1171 400 1260 fair
397 1211 495 1262 nora
517 1187 641 1260 medio
665 1213 759 1272 aero
774 1204 882 1288 atque
873 1147 1088 1263 receniio-

46 1311 141 1382 ribns
169 1312 408 1406 temporibus
433 1285 663 1384 fructuosius
683 1288 952 1420 pertractandis
973 1337 1088 1422 prae·

46 1430 213 1522 teretur,
254 1430 406 1501 omnino
431 1425 513 1502 fieri
536 1453 612 1505 nou
633 1433 773 1542 potuit,
813 1437 962 1532 quinat
984 1437 1088 1513 tne'ra

50 1554 273 1648 antiquitatis
300 1554 459 1648 cognitio
487 1551 553 1622 illa
574 1555 613 1628 vi
637 1557 803 1630 incitanti
833 1560 1085 1652 attingeretur,

53 1683 146 1766 atque
170 1675 215 1742 ιιι
240 1671 409 1746 altiorem
434 1672 591 1768 gradum
619 1673 870 1786 eveheretur.·
871 1677 987 1760 Sed
1009 1680 1086 1752 vita

57 1792 381 1908 iu⁰q¹1⁰P¹¹bli⁰³2
409 1805 497 1871 ωηο
520 1807 594 1868 tflm
615 1779 798 1881 commota
813 1772 889 1872 eta
906 1798 1084 1912 diversit-
1220 1900 1224 1913 ¹
1279 1767 1283 1784 ⁴

50 1911 149 1982 simus
181 1899 361 2008 partibus
371 1900 494 2016 atque
521 1915 758 2025 opinionibus
788 1897 935 2020 semper
960 1899 1084 2030 oppu-

48 2045 167 2124 gnata,
199 2034 326 2103 acrius
339 2006 579 2130 postulabat,
593 2048 636 2110 ut
649 2014 803 2118 historia
818 2020 1088 2134 ιιιαριιιοιιιο-

48 2157 90 2226 sis
98 2141 443 2250 perturbatiom'bus
457 2160 684 2272 mederetur,
707 2172 809 2234 certo
826 2159 974 2254 quidem
989 2183 1080 2258 per·-

46 2276 238 2348 nmltorum
270 2275 526 2370 exemplorum
556 2279 664 2374 copia
692 2275 864 2364 solatium
896 2278 1081 2374 quoddam
1152 2277 1156 2290 '

47 2409 144 2488 atque
161 2391 370 2466 Consilium
391 2397 430 2465 in
444 2378 784 2494 meliorem'statunr
806 2393 960 2470 afferret
975 2393 1080 2470 iutu-

49 2539 131 2586 runr.
179 2516 246 2588 Ex
262 2540 337 2610 quo
352 2504 645 2612 igiturtempore
659 2539 736 2601 non
750 2513 871 2589 solum
886 2515 1079 2609 bellorum,
1206 2566 1209 2577 ·

47 2657 188 2726 pesum,
220 2616 417 2735 foederum
436 2657 479 2707 ac
502 2631 731 2730 reliquorum
753 2639 987 2732 negotiorum
1004 2661 1087 2734 pu·-

49 2755 239 2847 biicorum,
278 2779 373 2850 quae
401 2769 555 2828 externa
575 2779 712 2830 vocare
739 2757 919 2850 solemus,
959 2781 1079 2856 neque
1140 2789 1144 2798 ¹

50 2871 280 2968 imperiorum
302 2887 376 2946 tam
399 2873 634 2948 dilatatorum
661 2898 704 2946 ac
726 2888 937 2972 auctorum,
970 2892 1080 2972 quam
1168 2965 1172 2975 ι

50 2987 303 3066 diminuturum
333 3010 441 3090 atque
469 2995 736 3090 collapsorum,
782 3019 901 3092 neque
930 2973 1078 3070 tandem
1205 3084 1206 3093 ἵ

51 3122 199 3208 gentium
227 3119 478 3214 regnantium,
517 3097 726 3212 ducumque
750 3117 991 3189 eminentium
1014 3115 1077 3188 hi·
1145 3105 1149 3115 Ι

51 3241 171 3307 stoi-iae
195 3237 297 3310 solae
320 3237 367 3306 ad
385 3237 508 3309 studia
523 3239 752 3310 accuratiora
767 3237 972 3311 invitabant
985 3262 1077 3335 per-5
1185 3265 1188 3276 ·

33 3363 280 3448 scrutantem,
311 3369 353 3428 ut
373 3355 477 3450 prius
492 3353 606 3454 vulgo
623 3351 763 3428 factum
784 3368 881 3428 erat:
912 3355 979 3427 sed
994 3359 1078 3453 pari

52 3479 201 3568 ratione,
231 3486 270 3548 et
289 3499 469 3577 persaepe
491 3475 603 3560 etiam
620 3475 827 3566 ardentius,
854 3499 982 3547 rerum
1004 3500 1078 3572 pu-

52 3596 216 3666 blicarum
240 3568 506 3688 administratio
523 3593 687 3688 interna,
717 3591 1079 3692 humaniquc'gene-
1141 3597 1162 3624 ”

54 3722 93 3788 ιιι
113 3718 276 3790 cultruae
296 3723 533 3811 progressus,
575 3713 783 3789 mercatura
807 3707 1008 3812 generalis,
1043 3730 1080 3791 et

54 3862 132 3930 quae
153 3837 201 3906 ad
216 3825 520 3939 eamkaugehdam
537 3840 744 3931 pertinent„
777 3837 936 3932 denique
952 3855 1079 3908 omnes

56 3981 103 4028 res
120 3957 351 4029 commodum
368 3956 583 4051 adiurantes
606 3955 816 4052 publicum,
851 3957 1080 4050 investigan-

60 4079 112 4150 dae
133 4093 238 4176 ntque
257 4077 501 4152 elaborandae
525 4075 571 4148 ab
588 4077 799 4152 auctoribus
815 4074 1083 4172 exoptabantur
1127 4131 1130 4135 .
