2590 4718
390 1212 524 1286 ctu«
541 1211 608 1284 111.

23 1375 58 1438 u
77 1375 322 1444 mcnouan
348 1379 491 1459 unca,
518 1371 844 1456 noonmoms,
874 1355 1013 1444 usar.

12 1477 123 1572 nous
161 1481 496 1568 smmnusoun
538 1477 830 1550 cnaeconuu
871 1477 1013 1546 uncr-

12 1581 268 1694 garmanos,
292 1585 495 1652 mammis
519 1585 642 1668 anuo
663 1581 990 1650 nrammusas.

26 1807 100 1938 iiiito
110 1847 247 1933 quidem
258 1848 385 1941 largius
400 1849 479 1918 huic
486 1851 717 1946 disquisitioni
731 1843 968 1927 fluuntfontes,
975 1847 1011 1914 ‚si
1118 1907 1121 1916 .

25 1964 66 2008 tun
76 1972 299 2040 comparamus
320 1979 395 2020 cum
416 1959 545 2045 priore:
577 1969 611 2020 at
624 1968 785 2040 quantum
804 1951 1012 2018 desideratur

12 2035 115 2124 adhuc
106 2073 137 2114 m
150 2057 332 2120 notissima
346 2053 554 2124 Graecorum
569 2057 720 2132 civitate,
745 2050 1011 2132 Atheniensium,

24 2149 210 2254 sipieniorem
240 2153 344 2223 ullius
368 2161 499 2246 generis
519 2159 731 2244 magistratus
753 2159 1012 2222 commentatio·

23 2271 274 2347 nncomponere
296 2261 524 2350 aggredimur!
567 2261 670 2346 Quod
698 2281 776 2327 vere
788 2261 914 2332 ,eodem
933 2265 1012 2326 aui-

12 2375 229 2458 assenserunt
250 2367 318 2429 viri
338 2369 479 2452 egregii,
505 2369 562 2450 qui
582 2387 624 2430 ex
638 2359 753 2430 seculo
770 2361 901 2429 decimo
915 2377 1011 2430 sexto

12 2427 241 2531 thraecorum
256 2470 469 2551 antiquitates
489 2471 552 2532 civ
563 2463 644 2532 iles
665 2465 923 2554 perscrutandas
939 2464 1013 2532 cia·

23 2560 63 2620 rius
54 2579 112 2643 sque
130 2567 348 2654 exponendas
371 2565 478 2632 studia
498 2587 557 2634 sua
576 2567 789 2632 direxerunt.
817 2571 906 2632 inter
925 2587 1010 2656 quos

12 2679 69 2756 yprae
85 2674 195 2736 ceteris
218 2671 377 2756 Sigonius
399 2683 433 2735 et
451 2669 622 2754 Meursius
642 2689 685 2734 ex
705 2672 949 2756 antiquioribus
967 2673 1011 2735 ob

12 2757 140 2858 iugum,
167 2774 237 2837 etsi
258 2765 377 2837 rudem
397 2793 435 2836 ac
459 2775 734 2858 incompositam,
763 2769 935 2838 doctrinae
950 2795 1012 2838 co-

12 2866 87 2972 piam,
104 2869 405 2943 exrecentioribus
425 2873 463 2936 A.
478 2869 687 2950 Boeckhius,
710 2869 886 2940 Eduardus
901 2871 1011 2940 Meie-

12 2979 150 3076 putatque
170 2968 369 3060 Ffidericus
390 2967 644 3037 Schoemannus
661 2970 699 3058 ¹,)
728 2975 876 3060 primum
896 2967 1010 3038 locum

12 3039 96 3131 ithae
111 3063 299 3138 litterarum
319 3078 491 3161 provincia
520 3083 739 3160 occupantes,
781 3080 1014 3142 nominentur.-

25 3157 95 3243 Quam
101 3194 176 3241 vcro
189 3194 348 3262 magnum
364 3169 512 3240 fructum
528 3197 571 3240 ex
590 3173 712 3240 horum
729 3147 886 3262 operibus
901 3177 1011 3244 Grae-

12 3271 204 3352 ,cenobitae
228 3275 386 3364 politicae
408 3281 557 3366 cognitio
577 3279 784 3366 perceperit,
819 3277 1009 3344 modestum

12 3353 14 3428 Ι

12 3435 13 3450 a
22 3425 198 3452 *¹²¹—n--n-

65 3532 84 3592 t)
109 3529 286 3601 Quibuscum
307 3531 410 3602 reliqui
431 3547 546 3602 quoque
569 3542 718 3602 auctores,
750 3536 800 3604 qui
819 3535 930 3594 duabus
948 3539 1009 3599 illie

24 3608 168 3671 berolinensis
189 3620 379 3674 scientiarum
396 3622 569 3674 Academiae
589 3624 806 3694 quaestiouibus
828 3627 905 3682 uotis
929 3645 1030 3706 cona·x

23 3706 79 3772 noti,
98 3726 127 3758 ex
147 3710 268 3760 Graecis
288 3709 514 3778 antiquitatibus
529 3719 700 3778 potestatem
716 3721 745 3764 et
761 3715 910 3780 politicam
922 3727 949 3769 et
963 3719 1007 3772 iu·

12 3782 119 3844 *dietatem*
133 3791 351 3847 descrihendatn
365 3792 469 3848 litteris
485 3795 676 3863 mandarum,
699 3797 1007 3858 cotnme'moretionent

26 3871 74 3927 uide
88 3876 271 3934 honorificam
294 3887 441 3934 merentur
463 3884 509 3934 Fr.
525 3885 725 3958 Tittmannus,
746 3885 797 3938 Ed,
814 3887 963 3946 Piatnerus
978 3903 1008 3946 et

26 3959 66 4029 bg.
77 3967 223 4036 Heffterus,
245 3985 368 4042 quornm
383 3987 469 4041 opera
482 3987 561 4024 nunc
575 3973 606 4024 in
622 3973 751 4027 omnium
763 3978 925 4045 peritorum
940 3995 1006 4037 ma-

28 4049 77 4106 nitu
87 4065 219 4116 tenentur·
