2610 4712
338 307 436 372 ms.
463 309 489 374 1.
535 307 732 406 cav.‚vn.
765 351 772 368 .
991 315 1054 378 213

26 486 154 545 narium
173 485 349 568 negotium
363 481 487 550 ademit
504 481 698 562 Aedilibus,
716 504 819 570 aeque
834 507 873 550 ac
891 485 1050 552 foenera·

25 597 122 645 torum
139 585 397 687 castigationem
409 583 457 670 ²³),
478 588 669 651 reservavit.
694 573 765 651 Nec
779 589 892 652 minus
906 583 1048 652 histrio-

24 711 84 765 nes,
103 692 141 750 In
160 706 250 772 quos
264 685 337 780 lege
351 693 454 752 veteri
471 689 721 776 magistratibus
734 693 770 752 in
787 693 878 754 omni
892 673 1061 778 tempore'

24 815 51 856 ac
74 791 149 857 loco
169 792 439 858 animadvertere
461 797 663 882 permissum
680 805 766 874 erat,
787 793 850 861 hac
868 795 1047 876 Aedilium,

23 893 210 959 Praetorum
227 891 480 980 consulumque
500 899 723 992 coercitione,
744 911 976 986 praeterquam
992 899 1047 966 lu-

23 1004 178 1087 dicatque
195 1020 306 1078 scena,
326 1018 466 1122 prorsus
482 997 656 1081 llberavit,
679 1022 797 1068 eorum
814 1013 925 1068 autem
937 1001 1047 1068 licen-

22 1109 85 1168 tiam
104 1100 300 1170 modum
265 1107 368 1169 nimie
390 1103 610 1172 excedentem
623 1110 844 1180 severissime
858 1109 932 1196 ipse
949 1130 1044 1174 com-

23 1209 135 1292 pescuit
151 1199 209 1292 ²⁵.)
406 1266 419 1292 4
792 1227 795 1232 ·

87 1311 132 1375 At
151 1323 242 1395 quae
261 1307 397 1374 tandem
424 1311 593 1375 restabant
618 1291 816 1378 'Aedssitant
864 1312 952 1378 Sane
975 1335 1045 1380 non
1119 1305 1123 1318 ’

22 1409 123 1487 multa,
153 1414 186 1474 si
208 1412 356 1497 priorem
381 1407 554 1494 dignitatis
575 1409 803 1477 conditionem
826 1415 1045 1500 respicimusi
1134 1431 1140 1450 '

23 1523 81 1574 sunt
95 1513 190 1574 enim
206 1508 310 1572 modo
323 1511 489 1572 minorum
501 1507 679 1588 ludorum,
701 1515 829 1576 viarum
846 1531 884 1588 ac
896 1511 964 1578 iori
981 1537 1044 1578 cu-

22 1635 75 1692 rae,
95 1613 264 1678 inferiora
275 1632 414 1678 munera
427 1615 462 1676 in
479 1611 651 1680 effrenatis
669 1619 793 1680 civium
813 1613 1041 1704 voluptatibus

24 1714 232 1792 continendis,
252 1717 289 1776 in
297 1709 475 1779 Caesarum
491 1712 730 1780 donationibus
748 1713 892 1804 publicis
907 1715 1042 1806 disper-

23 1817 121 1884 tiendis
144 1837 334 1902 eorumque
352 1815 519 1884 mandatis
539 1818 681 1885 diversis
698 1815 931 1908 perfruendis(
973 1819 1042 1885 Sed

23 1936 52 1978 ne
67 1939 101 1981 ea
120 1917 265 2006 quIdem
283 1915 425 1985 indivisa
447 1919 725 1986 adnunistrabant
748 1919 901 2000 Aediles,
941 1931 1042 2008 atque·

23 2024 181 2084 maximam
196 2017 355 2084 ludorum
369 2030 511 2108 partem,
532 2041 614 2110 prae
633 2025 753 2088 ceteris
769 2027 922 2089 scenicos
936 2045 1040 2092 vena·
1145 2009 1155 2020 ⁵

23 2123 178 2209 tionesque
202 2133 411 2201 sumtuosas,
442 2144 546 2208 quum
570 2125 613 2220 ob
641 2123 927 2194 nobilissimarum
952 2147 1040 2214 gen-

22 2225 84 2288 tium
102 2235 342 2316 paupertatem
361 2229 472 2290 rarius
487 2230 664 2312 rariusque
680 2223 860 2292 Candidati
873 2227 1039 2296 AediIita-

22 2335 70 2390 tem
83 2341 242 2415 petentes
257 2337 499 2414 repeterentur
514 2328 572 2412 ²²),
593 2338 627 2392 et
641 2329 707 2392 iarn
722 2332 825 2392 creati
846 2329 889 2394 ob
904 2343 1039 2418 egesta-

21 2437 70 2492 tem
86 2433 263 2521 propriam
283 2439 364 2518 post
381 2447 508 2518 paucos
523 2427 596 2494 dies
617 2449 711 2495 suam
726 2428 924 2518 dignitatem
938 2451 1038 2498 acce·
1072 2457 1075 2464 ’

22 2543 90 2616 ptam
110 2527 398 2622 deponerent),
425 2527 596 2616 Augustus
620 2531 701 2598 viris
723 2527 951 2610 demandavit,
974 2533 1033 2616 qui

21 2631 158 2702 Praetura
178 2623 247 2699 ianr
265 2629 375 2698 fimcti
390 2643 505 2708 erant,
532 2647 656 2716 eosque
670 2635 795 2718 partim
808 2629 881 2698 fisci
898 2631 1038 2712 auxilio,

22 2743 115 2821 partim
138 2739 263 2806 aerarii
283 2731 411 2824 publici
429 2737 583 2822 pecuniis
602 2733 730 2802 adiuvit
745 2731 800 2822 ²⁹),
823 2748 862 2800 ut
873 2733 1035 2799 ludorum

22 2839 255 2910 celebrationem
280 2849 441 2928 pararent
468 2849 538 2902 tam
561 2834 785 2926 magnificam,
821 2855 921 2924 quarn
947 2831 1035 2902 tabti

23 2965 224 2988 *—

23 3031 55 3082 tir
64 3035 103 3087 rai
115 3033 179 3096 τοῖς
193 3021 362 3132 ἐκγόζοις,
359 3046 385 3083 av
371 3026 429 3099 ''yi
438 3045 514 3134 pavor
528 3027 679 3102 scaptione,
697 3021 883 3084 iuwasvducr
895 3027 1033 3095 intime,

16 3114 65 3182 'nir
74 3119 100 3174 ii
113 3113 234 3180 λοιποὺς
247 3108 332 3178 uiris
346 3109 549 3185 &sardonas-’⁹

70 3228 249 3296 25)Sneteu.
275 3223 350 3292 Aug.
375 3237 463 3292 ο..59
497 3219 643 3290 „Notavit
656 3219 786 3292 aliquos,
805 3219 884 3290 quod
894 3219 1033 3290 peorauiaa

22 3306 149 3366 imbribus
163 3309 261 3364 mort·
274 3306 419 3378 mutuati,
435 3307 569 3378 graviora
584 3307 705 3360 Ioenore
719 3305 946 3374 collocanmv’
1001 3389 1006 3398 Ι
1021 3299 1032 3322 “

68 3420 109 3489 ab)
127 3417 247 3472 sueton.
262 3411 372 3468 ibide
355 3424 440 3494 ο.45.
476 3409 570 3464 Tacit.
585 3407 727 3468 cunm
746 3425 772 3463 c.
789 3425 859 3480 ῃ,

69 3527 106 3596 ²7)
124 3523 180 3578 Dio
195 3522 274 3573 Cass.
288 3517 367 3572 LIII.
387 3532 457 3570 cn·
495 3503 1034 3590 „or'vroydpdi1noiioiopdvnivpue

22 3609 78 3681 lyryl
78 3631 181 3678 umor,
217 3605 283 3686 dccc
308 3603 375 3676 μηδ’
401 3599 612 3678 dyopovopipooi
638 3621 700 3660 τινα
725 3600 773 3658 tat
791 3601 824 3657 ad
841 3603 967 3673 μέγεθος
980 3605 1035 3660 adr

23 3687 174 3771 &alendam
186 3693 355 3765 idalium?

67 3808 104 3875 28)
120 3801 178 3860 Dio
197 3803 276 3855 Cass.
291 3799 366 3853 LIV.
396 3813 421 3852 c.
439 3815 487 3853 ro:
529 3795 600 3866 „soi
620 3812 663 3858 τις
680 3785 860 3864 ἀγορανόμων
882 3791 1036 3866 ἐθελοντὴς

23 3881 59 3943 iti
69 3885 185 3957 nrvioe'
168 3892 274 3946 oncino
290 3884 346 3958 τὴν
351 3880 473 3958 upg'p'vss'

68 3999 107 4069 29)
125 3997 182 4052 Dio
202 3995 282 4050 Cass.
297 3991 376 4052 LIII.
395 4007 419 4044 c.
436 4007 470 4044 a.
512 3981 558 4091 „o‘
571 3981 601 4042 d
618 3973 819 4062 oivIIoioop'
803 3987 1033 4053 nescirem-

26 4079 65 4150 υἷας
79 4089 106 4144 is
124 4085 175 4142 cliv
195 4081 271 4140 idios
286 4080 315 4152 (e
333 4078 416 4166 fisco)
435 4075 528 4147 dii-lav
540 4066 688 4144 invidiosa,
709 4093 757 4130 και
746 4071 867 4168 iustiti
883 4070 1031 4149 χρημάτων
