2664 4712
85 257 92 318 ’.
162 257 165 268 ’
248 257 310 322 ιιι
584 237 728 320 mnu.
771 253 938 321 clav

211 431 214 441 '
248 426 495 498 conclamatum
514 449 534 496 a
558 433 709 520 patriciis
729 441 782 496 est
807 432 1001 509 iuvenibus,
1036 448 1072 523 se
1094 429 1132 493 id
1151 427 1289 494 honoris

149 549 151 556 ’
250 532 362 598 Deum
377 523 618 610 immortalium
632 553 750 600 caussa
765 513 924 610 libenter
924 543 1080 610 acturos,
1102 543 1141 596 ut
1155 528 1288 596 Aediles
1324 566 1325 587 ι

251 640 388 706 fierent.
414 640 536 722 quibus
562 655 666 722 quum
680 639 721 702 ab
743 623 963 704 universis
989 639 1118 724 gratiae
1132 647 1229 700 actae
1242 653 1290 700 es
1325 679 1326 700 ι

46 827 49 842 ,
100 798 102 812 .
134 805 152 832 ,Ι
252 751 349 818 sent,
375 707 503 804 lactum
522 749 660 806 senatus
683 737 895 817 consultum,
919 748 958 802 ιιι
971 737 1145 804 duoviros
1159 733 1290 802 Aediles

253 863 299 908 ex
318 843 470 931 patribus
486 841 648 912 :dictator
671 839 838 929 populum
860 848 1022 928 rogaret.”
1037 842 1085 925 ⁷¹).
1152 837 1291 906 curules

254 943 385 1031 primi
397 948 503 1010 creati
516 954 598 1010 sunt
612 966 631 1010 e
643 941 1034 1041 gentibus'nqbilissimis
1043 941 1106 1008 Cn.
1117 940 1293 1025 Quinctius

255 1044 469 1133 Capitolinus
489 1057 525 1112 et
543 1046 580 1110 P.
603 1043 782 1112 Cornelius
802 1044 939 1134 Scipio,
981 1067 1025 1112 ex
1054 1065 1123 1130 quo
1144 1057 1294 1130 tempore
1326 1071 1327 1106 1

216 1135 218 1142 ¹
256 1173 319 1240 per
332 1165 498 1236 quemque
511 1165 639 1216 annum
650 1169 783 1238 semper
798 1161 944 1234 quatuor
955 1149 1092 1216 Aediles
1108 1147 1194 1214 facti
1212 1157 1294 1212 sunt

257 1253 330 1328 Hac
350 1253 456 1338 igion
477 1255 530 1318 via
550 1249 633 1318 Aed.
654 1247 833 1316 Curulium
860 1255 984 1317 munus
1011 1253 1211 1318 institutum
1240 1258 1293 1324 est,

183 1381 188 1398 ι
236 1399 242 1416 ,
257 1358 355 1420 cuius
367 1353 491 1420 abusus
501 1371 605 1435 quam
618 1369 723 1438 saepe
733 1369 751 1414 a
764 1355 916 1438 patriciis
937 1350 996 1418 aut'
1011 1361 1233 1442 appeteretur
1246 1361 1296 1412 aut
1325 1418 1327 1431 A

258 1455 495 1546 perficeretur,
521 1475 593 1520 uon
608 1475 728 1520 meum
741 1468 794 1522 est
807 1451 942 1542 longius
962 1476 1141 1535 enarrare,
1162 1477 1229 1522 nec
1241 1454 1297 1520 ali·

233 1553 236 1564 '
258 1557 342 1642 quid
353 1555 398 1622 ad
410 1558 560 1650 muneris
573 1553 751 1622 historiam
762 1553 877 1634 aliem,
896 1561 944 1622 ita
959 1568 999 1620 ut
1011 1555 1095 1624 haec
1107 1557 1214 1622 modo
1226 1558 1297 1622 bre·
1327 1615 1329 1626 ,

259 1662 348 1730 viter
362 1658 486 1738 addere
502 1653 656 1722 ιιιιιιειιι.
699 1646 923 1743 Posteaquam
939 1659 1044 1728 semel
1060 1660 1145 1725 Aed.
1160 1657 1297 1724 Curules

257 1763 394 1830 muneri
414 1757 664 1836 satisfecerant,
692 1757 950 1826 Tribunorum
939 1765 1082 1828 mcitatu
1098 1761 1231 1830 Plebeii
1244 1785 1328 1831 ex-

157 1851 160 1866 '
198 1929 201 1948 ,
259 1858 447 1949 pergeiaoti
463 1870 559 1938 sunt,
581 1870 616 1927 et
630 1859 673 1928 de
686 1861 818 1928 iuribus
833 1871 942 1928 astute
961 1868 1089 1950 ereptis
1103 1869 1208 1951 queri
1227 1887 1299 1930 coe·
1328 1925 1329 1928 ,

260 1975 389 2052 perant.
420 1961 603 2030 Ceterum
593 1985 713 2051 urgens
728 1965 922 2053 pestilentia
934 1967 1036 2034 srmul
1048 1970 1219 2044 Romam
1208 1991 1330 2042 anea

261 2068 309 2132 sit
326 2074 426 2150 atque
445 2065 646 2146 devastavit,
670 2085 756 2152 quae
773 2065 884 2156 plebis
896 2080 1010 2138 motus
1022 2073 1232 2162 reipublicae
1245 2097 1330 2177 pe-

262 2166 479 2257 ricrrlosiores
503 2166 615 2238 facere
628 2181 761 2258 posset,
790 2175 820 2236 si
843 2171 974 2261 populi
980 2171 1113 2242 finitimi
1128 2183 1302 2246 occasione
1320 2212 1330 2256 ι

262 2273 353 2342 bene
369 2268 480 2339 oblata
492 2281 685 2354 uterentur..
721 2271 939 2364 Quapropter
956 2291 1092 2346 senatus
1106 2284 1236 2348 veritus
1249 2293 1331 2362 est,

262 2394 308 2440 ne
327 2395 359 2438 er
348 2370 507 2445 Aediles
522 2369 666 2440 curules
687 2393 705 2438 e
721 2378 872 2461 patriciis
891 2397 1006 2443 creare
1019 2381 1151 2446 iubenti
1165 2383 1302 2447 Tribuni

265 2473 315 2542 Pt
334 2478 551 2552 resisterent,
578 2487 757 2560 tamenque
777 2474 999 2556 nihilominus
1022 2484 1239 2552 commodum
1253 2507 1303 2552 se-

264 2575 333 2645 mel
352 2572 583 2667 comparatum
604 2577 775 2666 negligere
797 2580 919 2660 voluit,
941 2605 1010 2668 quo
1024 2592 1139 2673 pactio
1157 2589 1306 2657 confecta

266 2693 337 2759 est,
374 2692 413 2748 ut
431 2681 515 2768 Aed
539 2679 682 2748 Cundes
704 2679 844 2766 alternis
867 2688 965 2766 aunis
988 2709 1032 2754 ex
1057 2685 1157 2776 plebe
1186 2691 1306 2760 fierent.
1328 2685 1331 2715 ³

266 2783 362 2868 Quae
384 2785 520 2850 creandi
543 2789 631 2850 ratio
654 2808 697 2853 ne
714 2783 924 2867 laederetur,
956 2807 1051 2858 certo
1073 2801 1197 2886 primis
1217 2803 1306 2864 annis

267 2883 413 2952 Tribuni
440 2884 490 2954 Pl.
515 2891 638 2957 acriter
667 2891 833 2971 caverint3
865 2901 984 2977 postea
1012 2904 1125 2962 tamen
1146 2875 1331 2988 longiore:

145 2983 147 2990 '
182 2983 185 2990 '
247 2988 513 3074 'consuetudine
537 2979 650 3054 omnia
670 2989 804 3059 vincula
824 2996 988 3077 arctiora,
1024 3007 1063 3060 ut
1081 2995 1157 3066 lieri
1177 3002 1307 3080 assolet,

266 3091 392 3156 sensim
413 3105 605 3175 sensimque
628 3088 853 3178 dissolvente,
898 3091 1077 3176 Curulium
1102 3107 1231 3170 creatio
1248 3123 1307 3192 per

266 3200 449 3276 utrumque
463 3191 619 3264 ordinem
631 3197 828 3282 pronuscue
846 3193 935 3268 facta
951 3211 1022 3280 est,
1042 3204 1135 3286 quod
1149 3220 1184 3276 et
1196 3207 1307 3276 Livius

267 3505 319 3547 rea
330 3495 609 3564 patreslrabenentffi
646 3497 703 3552 Sed
724 3515 775 3552 suo
787 3499 874 3558 modo
890 3501 989 3554 omnia
1004 3501 1102 3558 obiter
1115 3470 1309 3579 perstringere

144 3634 147 3647 Ι
266 3577 585 3639 ιιιιιιιιιιιιιοιίιιιιιιιι
578 3591 655 3636 mter
668 3592 823 3656 utramque
838 3586 1012 3656 dignitatem
1027 3605 1087 3646 non
1101 3594 1246 3660 meminit3
1267 3603 1310 3647 at-

266 3681 369 3750 ,amen
391 3671 469 3723 etin
488 3674 597 3726 seriore
617 3681 714 3724 aetate
736 3669 917 3742 reipublicae
943 3675 1070 3732 labentis
1092 3682 1310 3754 primorumque

233 3767 249 3794 ι’
271 3768 461 3838 Augustorum
480 3759 549 3816 Aed.
572 3757 694 3812 curules
720 3771 736 3810 e
758 3769 884 3838 petrum
896 3777 1020 3844 numero
1048 3766 1152 3828 soloe
1170 3769 1311 3824 nominari

266 3853 397 3928 potuisse
416 3849 500 3906 nobis
521 3847 689 3920 significare
716 3847 849 3916 videtur,
879 3866 938 3922 qua
959 3861 1058 3908 autem
1076 3871 1109 3908 re
1129 3855 1207 3914 nibil
1226 3856 1311 3922 aliud,

267 3955 358 4022 quam
371 3955 479 3992 novum
499 3951 606 4007 parvae
620 3925 747 3990 fiduciae
760 3935 968 4004 documentum
983 3940 1119 4000 ostendit.

335 4038 643 4119 71)Liv,v11.c.1
