2610 4716
296 331 305 348 .
347 231 445 300 ιιι.
467 233 508 298 ιι.
552 227 662 304 cae.
682 231 707 302 1.
943 191 950 200 ’
982 232 1049 301 aaa

48 407 124 470 Nunc
142 419 251 474 antem
271 397 460 492 quaeritur,
488 429 569 472 num
591 419 766 492 utramque
780 407 996 476 Aedilitatem
1013 413 1050 480 in

50 506 140 570 eodem
160 493 412 594 anno-petitam
422 525 495 572 esse
509 520 684 594 putemuS,
714 528 755 572 an
772 508 924 575 Plebeiae
935 509 1051 574 mino-

49 629 99 671 rem
120 629 280 674 annorum
308 631 487 676 numerum
513 609 750 674 adscribamus.
807 609 895 676 Sane
916 613 1051 696 quidem

49 711 169 799 plurimi,
212 734 357 798 quorum
396 717 524 802 primus
538 725 609 790 jest
641 711 777 777 Paullus
807 709 981 778 Manutius
1003 713 1053 800 3ι),

48 813 105 874 huic
119 817 269 901 opinioni
284 815 415 892 favent,
435 827 469 880 et
482 813 693 880 solummodo
708 820 922 901 magistratus
936 815 1053 883 Curu-
1114 871 1117 879 .

49 913 82 978 les
97 928 165 980 ante
183 921 432 1004 praescriptum
452 937 577 983 annum
599 937 716 1006 capere
729 939 797 982 non
812 917 963 995 licuisse,
975 959 982 974 ι
992 917 1054 984 sed

49 1015 77 1077 de
87 1016 255 1082 Aedilitate
264 1017 396 1084 Plebeia
411 1016 501 1096 nibil
512 1029 677 1083 statutum
691 1037 783 1098 esse,
804 1023 834 1082 si
847 1017 950 1084 modo
962 1023 1053 1084 intra

50 1141 145 1183 annum
161 1125 357 1187 vicesimum
379 1131 515 1186 sextum
535 1133 570 1186 et
585 1125 790 1188 tricesimum
810 1133 942 1186 sextum
954 1133 1054 1211 pete-

50 1233 134 1298 retur,
152 1235 302 1288 censent.
346 1221 448 1315 Quod
462 1223 616 1308 equidem
631 1243 699 1288 nou
712 1213 966 1304 concludendum
978 1241 1053 1290 esse

51 1323 183 1404 albitror,
220 1331 370 1412 quamvis
399 1347 463 1414 pro
486 1346 561 1394 mea
583 1330 744 1414 opinione
766 1337 963 1414 argumenta
983 1347 1054 1392 non

51 1427 226 1508 firmissima,
265 1443 443 1517 tamenque
469 1435 648 1501 contrariis
675 1435 785 1520 paria,
819 1423 1054 1500 adhibeantur.

50 1592 237 1612 m

52 1700 107 1770 siun,
124 1711 151 1756 et
164 1669 280 1760 duobus*
290 1703 435 1776 capitibus
449 1712 550 1778 postea
564 1703 604 1776 (a.
619 1705 665 1778 94)
679 1701 785 1772 tradit,
805 1721 878 1762 suno
893 1713 975 1760 sexto
988 1715 1057 1780 post

52 1787 170 1857 Hortensii
194 1791 384 1846 Consulatum
416 1809 447 1844 se
474 1792 570 1862 iprum
603 1791 713 1860 cepisse
738 1790 817 1844 lisano
841 1794 1055 1862 magistratum,

52 1888 78 1924 ιιι
80 1866 315 1948 deoognoscitur,
339 1877 421 1932 nobis
439 1877 567 1930 eiusdem
579 1893 686 1930 annum
701 1877 882 1930 consularem
897 1895 955 1930 non
972 1879 1058 1950 igno·

52 1963 171 2034 rantibus,
197 1963 395 2046 Ciceronem
385 1981 416 2016 ιιι
437 1979 513 2018 anno
532 1962 682 2016 tricenna
701 1965 825 2034 septimo
842 1965 977 2020 functum
991 1983 1058 2021 essa
1083 1955 1087 1972 '

52 2047 92 2098 led
80 2045 199 2106 dibtate.
226 2052 284 2106 Sed
298 2069 334 2104 ex
350 2051 502 2106 amborum
514 2049 601 2106 huius
612 2051 680 2105 libri
694 2051 821 2122 capitum
834 2053 1057 2124 comparatione

53 2139 238 2198 prollortensii
250 2139 463 2212 magistratibus
474 2141 570 2200 laeta,
586 2139 665 2192 idem
680 2155 823 2194 annornm
836 2139 906 2194 osio
918 2150 1059 2198 senerata

53 2237 152 2282 servatus
174 2240 308 2307 appares.
353 2231 446 2300 Atque
472 2246 510 2282 ne
529 2227 722 2298 abundantius
742 2228 944 2300 exemplorum
964 2230 1057 2284 eolla-

54 2314 133 2384 uioni‚
163 2335 252 2388 quam
274 2333 310 2370 ax
325 2317 504 2372 illustrandis
526 2317 672 2370 clarorum
693 2318 823 2372 virorum
845 2319 931 2372 buius
952 2321 1057 2389 aetatis

54 2402 101 2454 vitis
115 2407 200 2460 multo
215 2408 383 2460 uberiorem
396 2423 449 2460 nes
461 2400 600 2478 praebere
613 2422 696 2476 posse
709 2406 830 2478 quisque
849 2423 954 2478 gnarus
967 2407 1058 2462 intel·-

25 2499 26 2502 ’
53 2489 117 2562 liget,
137 2514 255 2568 operam
276 2495 446 2550 adtribuiese
464 2495 630 2560 videamur,
658 2493 1057 2550 adintervalluminterde.

55 2579 166 2638 llitatem
185 2597 215 2639 et
226 2587 414 2652 Praeturam,
438 2570 522 2639 sicuti
541 2585 619 2636 inter
631 2585 804 2638 Praeturam
825 2595 854 2640 et
870 2587 1057 2642 Consulatum

55 2673 187 2724 accuratius
198 2671 463 2741 comprobandum,
486 2669 587 2726 eadem
596 2669 748 2725 Ciceronis
757 2672 946 2744 Caesarisque
962 2689 1061 2728 exem-

56 2753 226 2818 plaudliibare
242 2758 389 2826 volumus,
416 2757 518 2834 quibus
532 2757 708 2828 ostenditur,
736 2759 824 2814 tertio
838 2775 915 2816 anno
929 2769 995 2830 post
1005 2765 1063 2818 Aa·

56 2841 169 2902 tilitatem
185 2865 269 2902 suam
291 2842 434 2900 eosdem
425 2846 523 2900 andare
544 2848 687 2902 maiorem
707 2849 853 2902 Praetoris
876 2849 1059 2928 dignitatem„

57 2933 147 3004 purique
160 2953 300 2990 annorum
316 2933 453 2987 distantia
467 2917 621 2986 accessisse
636 2933 672 2986 ad
689 2935 895 3004 Consulatum,
915 2937 951 2990 da
968 2937 1061 2990 altero

58 3033 78 3069 u
89 3023 156 3077 Brut
177 3041 241 3094 sap.
255 3039 290 3094 95
308 3029 338 3076 et
349 3039 385 3092 94
404 3019 494 3090 (anni.
518 3028 608 3073 nostr.
628 3030 760 3076 annotat.
775 3025 840 3092 55),
868 3023 904 3088 de
925 3024 1063 3076 altaroin

60 3107 150 3170 luston.
169 3133 193 3172 e.
214 3131 263 3182 ι4,
287 3129 396 3168 ιιιιιιιιιιι
419 3119 513 3182 post
502 3111 644 3166 Catilinae
664 3112 895 3168 coniurationem
913 3108 1062 3168 detestans

60 3198 203 3257 adscribenti
232 3201 358 3256 eiusdem
379 3201 536 3259 Praeturae
559 3199 748 3268 adscribenti,
781 3209 810 3252 et
833 3218 858 3254 e·
874 3210 906 3263 ¹8
921 3211 952 3254 et
971 3219 1004 3274 ²9
1026 3201 1063 3256 de

61 3282 187 3344 Consulatu
202 3288 293 3356 (soni.
307 3287 365 3340 Duo
375 3287 454 3344 Casa
461 3287 605 3341 XXXVII.
624 3302 649 3343 o
657 3301 693 3352 44
706 3294 736 3336 at
747 3287 905 3342 XXXVIII
920 3305 945 3342 o.
936 3292 1063 3382 ,al-‘41
1139 3335 1146 3346 .

61 3366 281 3436 Quemadmodum
303 3375 389 3426 etiam
414 3371 542 3442 plania
566 3369 692 3424 verbis
712 3355 845 3424 Cicero'
835 3389 867 3424 sn
882 3355 1003 3444 epistol.
1024 3375 1063 3431 sd

60 3455 182 3534 Furnium,
202 3465 238 3518 ad
250 3463 408 3518 navers-x
428 3478 473 3530 ep.
486 3475 519 3528 ²6
537 3459 594 3513 hoo
605 3459 790 3514 intervallum
802 3463 1064 3520 rntsrPraeturans
1145 3496 1150 3505 ι
1239 3479 1245 3490 ’

62 3553 86 3590 aa
99 3547 270 3604 Aedilitatem
292 3546 545 3612 commemoratum
576 3545 717 3598 Furnium
739 3546 818 3600 enim
837 3549 947 3602 urbane
963 3566 1067 3622 repre·

62 3624 162 3689 lundens
175 3639 210 3690 nb
224 3651 450 3708 praeproperam
461 3635 619 3686 Praeturae
634 3631 855 3686 festinationem
869 3635 987 3706 scripsit
1003 3675 1023 3708 „
1032 3645 1066 3702 ut

64 3713 80 3767 ti
91 3721 181 3778 Aedilis
198 3726 316 3792 fuisses,
340 3729 407 3792 post
420 3721 572 3774 biennium
590 3729 655 3772 tuus
670 3737 761 3773 annus
775 3722 886 3792 esset”,
914 3739 1019 3794 nempe
1033 3731 1066 3790 ut

63 3813 136 3867 petere
152 3822 246 3881 posset
260 3815 445 3878 Praeturam,
469 3825 563 3879 neque
581 3816 696 3874 autem,
722 3808 799 3878 quod
819 3810 1067 3890 quidamputavo·
1150 3871 1152 3878 ¹

64 3903 124 3964 runt,
145 3898 219 3955 bunc
233 3901 432 3972 magistratum
449 3899 508 3952 iam
522 3896 747 3952 administraret.

113 4010 153 4074 58)
170 4010 213 4062 Da
226 4008 455 4095 legibrlloman.
475 4020 500 4058 e.
517 4003 544 4056 6.
