2610 4716
198 166 205 222 ἦ
250 145 254 153 .

337 277 436 360 uin.
458 251 498 358 n.
543 288 651 358 car.
676 293 702 358 1.
972 287 1037 356 aas

35 477 157 560 gistratui
171 475 410 546 constitutum,
430 481 504 532 tum
516 466 633 544 Livio,
655 437 727 530 tum
741 469 862 532 ceteris
877 461 1038 528 historia-

35 599 87 638 snn
109 575 296 638 auctoribus
323 591 489 634 annorum
514 588 692 634 numerum
711 567 812 656 plane
829 566 1036 632 tacentibus:

34 687 149 738 attamen
163 695 289 736 annum
303 669 512 736 consularem
527 691 630 753 quum
640 667 763 734 Cicero
776 669 906 734 duobus
920 689 1039 732 exem-

34 777 78 862 plis
101 775 273 840 indubium
292 775 391 838 nobis
408 771 573 849 traderet,
605 793 727 860 nempe
747 771 1040 856 quadragesimum

33 885 140 944 tertium
152 879 206 963 ³⁵),
248 893 347 962 atque
372 875 525 965 pluribus
549 874 623 939 aliis
648 873 731 940 locis
751 874 794 940 de
817 891 854 940 se
875 885 1039 952 narraret,

33 987 115 1070 ipsum
131 979 348 1046 Aedilitatem
369 999 408 1044 ac
426 977 620 1044 Praeturam
638 997 700 1044 sno
722 997 809 1042 anno
828 979 972 1063 gessisse
985 974 1038 1060 3⁶),

34 1187 68 1237 ea,
82 1187 131 1240 qua
145 1169 290 1222 finiuntur
306 1166 376 1220 anui
388 1165 573 1238 magistratus
588 1165 723 1234 capiendi
729 1167 756 1220 '’.
789 1165 945 1222 Praeterea
961 1165 1039 1222 ect·
1073 1199 1076 1207 Δ

33 1271 110 1307 carone
128 1255 224 1322 (Oret.
245 1253 399 1322 Philippis.
417 1254 447 1306 V.
467 1268 495 1304 c.
514 1253 560 1324 ¹7)
581 1239 733 1320 diluimur,
757 1261 868 1306 vetere·
889 1253 1039 1308 Romanoa

33 1359 97 1411 usque
111 1343 145 1396 eal
160 1341 307 1412 Scipionis
321 1341 452 1394 Airieani
465 1339 624 1414 superioria
641 1349 671 1394 et
685 1341 719 1394 Τ.
736 1339 867 1410 Quinctii
882 1339 1039 1394 Flaminini

33 1437 147 1498 tempora,
167 1431 189 1484 i.
205 1448 234 1489 e.
251 1431 288 1482 ad
305 1427 384 1481 Villii
399 1435 526 1480 aetatem
537 1425 647 1498 ipsam,
667 1443 727 1480 uon
739 1427 874 1482 babuiaae
888 1427 965 1498 leger
983 1442 1038 1481 au·

33 1518 104 1588 natea,
124 1535 195 1590 quae
216 1519 336 1574 demum
354 1516 488 1572 attulerit
510 1517 650 1585 ambitio,
678 1525 741 1584 „ut
763 1515 868 1587 medua
886 1516 1039 1588 petitionis

35 1615 102 1660 errant
120 1610 197 1662 inter
219 1604 392 1680 aeqnelea”.
443 1603 529 1676 Quod
547 1605 637 1658 etiam
659 1619 719 1658 non
742 1603 1039 1661 obscuriua'effirmet

34 1693 137 1764 iacitur,
154 1696 262 1752 annal,
271 1695 321 1754 11.
340 1709 366 1747 c.
382 1709 431 1748 ea:
454 1691 556 1762 „apud
569 1693 694 1746 maiorer
706 1691 819 1746 virtuti·
833 1691 863 1748 id
873 1695 1039 1764 praemium

36 1781 118 1852 iuerat,
143 1784 317 1854 cunctisque
336 1782 459 1850 civium,
484 1781 509 1835 ai
530 1783 615 1836 bouis
629 1783 740 1836 artibus
757 1779 898 1850 fiderent,
922 1781 1039 1841 licitum
1097 1824 1100 1832 .

35 1877 106 1934 petere
121 1874 326 1942 magistratum
356 1887 391 1922 ac
411 1887 448 1921 ne
467 1874 546 1921 aetae
561 1869 677 1940 quidem
691 1870 938 1942 distinguebatur,
965 1869 1037 1944 quin

36 1956 103 2020 priua
122 1959 240 2012 iuventa
258 1957 444 2012 Consulatum
466 1975 503 2010 ac
516 1957 685 2012 Dictaturaa
702 1957 848 2012 inirent”.
888 1959 1039 2013 Diaaerta.

35 2043 128 2115 tionem,
153 2066 246 2120 marn
258 2051 328 2118 Aug.
346 2047 392 2100 rr.
409 2046 513 2100 Scbutt
530 2045 566 2100 de
583 2045 648 2116 lege
661 2047 748 2102 Villia
767 2047 866 2100 anuali
883 2051 1040 2118 magistra·

38 2141 94 2188 tuum
105 2139 303 2192 Romanorum
319 2136 397 2205 Lipr.
415 2136 490 2207 ¹7⁶5·
508 2153 534 2205 4.
557 2136 748 2208 conscripsit,
770 2137 801 2190 in
818 2151 887 2190 ntea
902 2135 1040 2208 disquiri-2

36 2221 92 2278 tione
104 2227 240 2282 adbibere
252 2245 311 2279 non
325 2225 417 2296 potui.

82 2333 125 2397 55)
147 2330 233 2388 Orat.
250 2327 373 2398 Philipp.
387 2327 422 2379 t.
449 2342 474 2379 c.
498 2341 546 2396 17:
580 2323 702 2396 „Quidl
726 2326 851 2380 Macedo
870 2327 1040 2402 Alexander,

38 2422 82 2462 eun
98 2415 129 2466 ab
146 2415 265 2470 ineunte
284 2424 381 2468 aetate
401 2429 447 2464 rea
468 2410 609 2464 maxime·
628 2428 730 2482 gerere
751 2414 912 2484 coepisset,
940 2433 1040 2472 nonne

36 2502 99 2553 tertio
116 2515 143 2558 et
159 2507 309 2560 tricesimo
329 2520 407 2558 anno
426 2511 551 2555 mortam
572 2501 667 2556 obiit?
689 2519 764 2574 quae
784 2513 828 2558 eat
845 2489 951 2562 aetas
971 2525 1040 2562 no·

38 2590 268 2663 atrialegibua
288 2595 417 2646 decern
436 2589 700 2658 ennicarium,
727 2607 831 2662 quam
854 2598 1040 2652 consulas

38 2672 98 2732 nist.
135 2683 233 2738 Eiued.
251 2683 302 2736 Or.
322 2680 358 2733 de
375 2679 430 2748 leg.
450 2691 544 2748 egrar.
568 2693 592 2731 c.
614 2676 693 2731 null.
708 2677 747 2734 11.
776 2695 802 2737 c.
824 2697 853 2734 a:
886 2697 958 2750 „me
977 2682 1041 2740 eeae'

39 2777 102 2820 uum
116 2787 148 2823 ex
164 2770 299 2825 omnibus
317 2769 398 2822 novin
416 2767 595 2830 homiuibus,
622 2765 657 2818 de
672 2765 775 2840 quibua
791 2769 957 2825 meminisse
969 2789 1061 2844 poa·-

39 2850 115 2924 sinna,
146 2866 194 2932 qui
217 2858 399 2912 consulatum
423 2856 573 2925 petierim,
603 2871 681 2908 cuna
708 2849 865 2924 primurn
887 2859 1063 2917 licitum.

42 2937 89 3005 εἰη
123 2949 254 3002 consul
276 2947 401 3000 factus
423 2943 509 3012 aim,
545 2959 623 2998 aaran
644 2943 799 3014 primum
823 2941 1047 3016 patierim''.‘

42 3027 78 3082 iel
98 3035 175 3104 plane
201 3045 331 3103 constet,
361 3035 534 3087 Ciceronem
556 3031 684 3086 insono
704 3031 927 3105 quadragesimo
949 3041 1039 3095 tertio

43 3124 114 3176 aetatis
133 3129 276 3198 accepisse
294 3123 492 3189 consulatum,
522 3119 599 3191 quod
616 3131 717 3172 tamen
737 3137 886 3192 nunquam
904 3133 993 3181 antea
1007 3131 1040 3180 in

42 3221 150 3268 novorum
170 3217 321 3271 hominum
341 3211 481 3282 petitione
501 3225 668 3261 concessum
681 3217 760 3278 eret,
787 3219 820 3264 ut
834 3229 868 3267 er
882 3213 948 3268 loco
962 3217 1040 3269 arci.

44 3305 85 3351 uto
99 3315 188 3371 patet:
214 3344 234 3375 ‚,
243 3323 312 3358 nam
329 3303 460 3374 profecto
480 3301 504 3354 ai
520 3299 668 3352 recordari
681 3301 828 3354 volueritis
842 3303 877 3355 de
889 3307 972 3360 novis
983 3307 1042 3358 bo.

44 3390 154 3464 minibus,
175 3397 345 3468 reperietis,
367 3409 431 3459 eos,
458 3391 509 3462 qui
529 3389 591 3443 sine
602 3391 717 3459 repulsa
734 3389 872 3466 Consules
886 3391 958 3448 iacti
970 3396 1040 3465 rint,

45 3473 264 3540 liutmun-labore
277 3482 479 3554 atque.aliqua
494 3479 647 3532 occasione
667 3493 727 3530 esse
748 3479 859 3546 factos,
885 3497 952 3537 cum
968 3487 1042 3538 mul·

45 3559 147 3622 tirannis
158 3581 224 3642 poet
235 3571 392 3640 petissent,
412 3583 500 3637 quarn
514 3567 664 3618 Praetores
677 3561 816 3634 fuissent,
839 3567 987 3640 aliquanto
997 3589 1043 3626 se.

45 3643 97 3718 rim,
121 3673 202 3726 quarn
222 3672 275 3727 per
294 3665 420 3708 aetatem
440 3671 473 3705 ac
490 3669 541 3723 per
558 3651 634 3721 leges
646 3651 763 3716 liceret;
789 3653 838 3723 qui
852 3667 951 3713 autent
965 3672 1043 3713 anno

46 3749 81 3791 ⁸¹¹0
97 3748 237 3814 petierint,
263 3746 325 3798 eine
348 3741 462 3811 repulsa
482 3757 541 3818 oon
552 3754 623 3812 lesse
640 3737 771 3794 factoa’'.
809 3739 893 3798 Coni'.
908 3747 1043 3804 Paullum

47 3817 178 3888 litantium
191 3837 222 3888 in
237 3833 293 3886 loc.
310 3830 543 3900 supralaudato,
566 3845 622 3898 qno
639 3835 735 3882 autem
750 3831 830 3885 Brut.
855 3849 878 3886 c.
894 3851 928 3904 94
949 3834 1041 3891 ornis-

49 3921 90 3964 mm
100 3927 135 3969 est
148 3931 204 3987 „et
224 3937 278 3988 ego
296 3935 372 3970 anno
385 3933 450 3968 meo
466 3916 566 3970 consul
577 3913 673 3966 iactus
686 3929 788 3968 errem.
798 3915 816 3943 ”
956 3907 959 3916 ’

94 4003 131 4070 56)
149 4008 232 4065 Coni.
248 4009 309 4060 Cic.
324 4005 354 4064 in
369 4001 464 4082 Pison.
484 4019 509 4054 c.
526 4019 556 4070 ι,
576 4001 636 4053 Aet.
649 4001 680 4052 in
696 4001 777 4053 Verr.
792 4001 835 4061 11,
854 4003 887 4056 V.
907 4019 933 4063 c,
947 4021 995 4073 ιφ,
1014 4013 1044 4058 et
1102 3995 1106 4003 ¹

52 4079 316 4164 leOffle.ll.c.27:
352 4105 448 4158 „uam
474 4105 540 4158 pro
564 4085 1041 4156 amplitudinehcnorurn,
1141 4157 1145 4168 ¹
