2610 4712
357 208 454 292 uin
478 190 520 296 u.
561 225 713 298 cum
989 229 1054 292 su

43 402 129 479 iure,
170 401 234 467 sed
261 396 445 470 secundum
475 407 528 468 sui
550 407 714 491 temporis
741 403 992 470 distinctionem
1018 400 1069 468 ea'

45 508 209 592 scripsisse.
260 506 392 589 Quodsi
410 519 520 572 sutem
542 503 770 590 ereuzerust)
795 505 961 572 Aedilium
984 505 1055 572 Cu-

44 604 146 668 rulium
166 609 373 672 creationem
385 610 523 672 nonnisi
536 611 571 672 iu
586 609 731 672 comitiis
745 611 957 686 centuriatis,
977 605 1056 674 l’le-

43 707 176 770 beiorum
196 707 304 774 solam
325 711 361 772 in
379 709 516 774 tributis
536 707 658 774 iactam
678 712 816 787 statuit,
843 707 934 774 nulla
951 728 1055 795 armu-

43 825 134 875 nenta
154 814 254 878 nobis
277 813 427 888 exstant,
453 815 575 896 quibus
595 817 789 902 opinionem
810 821 904 878 suan
923 810 1055 876 firmare

42 929 153 1002 posset,
171 937 217 982 ne
231 913 334 982 alium
348 913 452 982 Gellii
467 915 579 982 locum
595 917 756 984 adversus
770 937 846 982 eum
858 919 1004 979 excitem
1018 914 1053 998 5),

44 1037 94 1096 quo
114 1016 212 1104 plane
240 1019 448 1100 contrarium
468 1021 653 1104 reperitur,
683 1035 722 1082 ac
739 1013 1054 1098 manifestisverbis

44 1123 198 1184 evetustis
210 1117 251 1183 L.
267 1118 398 1184 Pisonis
418 1117 591 1184 annalibus
605 1115 733 1189 Aedilis
748 1116 880 1184 curulis
894 1119 931 1178 iu
945 1116 1054 1178 emni-
1098 1145 1101 1152 ·

43 1227 85 1289 tiis
97 1226 230 1288 tributis
245 1225 456 1288 renuntiatus
468 1233 684 1288 memoratur.
798 1207 805 1220 ’
1088 1215 1115 1274 -'

106 1325 154 1390 De
175 1327 432 1410 magistratuum
448 1322 567 1390 ordine
586 1321 697 1388 annali
715 1335 794 1412 post
807 1320 958 1388 Paullum
972 1317 1053 1384 Ma·
1107 1391 1114 1408 ,

44 1430 152 1490 nntium
164 1425 208 1512 ⁶),
231 1421 386 1510 Pigbium
399 1421 442 1510 ²),
461 1421 801 1524 Bynkersboeckium
814 1421 840 1510 8)
861 1435 894 1488 et
908 1421 1054 1486 lleinec·

96 1625 121 1685 4)
138 1618 227 1674 nom.
243 1614 413 1688 Ant'iquitiit.
431 1617 458 1682 §-
472 1605 538 1672 r‘sss
558 1617 588 1670 in
603 1615 794 1686 descriptione
805 1611 989 1666 comitiorum
1000 1609 1054 1662 trl·

44 1703 156 1758 buturum
179 1705 292 1773 „wahl
314 1703 494 1774 gewisser
519 1702 697 1758 niederen
714 1702 804 1774 (quod
821 1701 881 1754 ism
902 1697 1052 1755 obscurius

48 1795 132 1849 dictum
152 1805 212 1864 est,
236 1795 375 1865 nulleque
393 1795 505 1848 retions
522 1805 602 1848 recte
617 1794 722 1865 erponi
739 1795 847 1864 potest)
869 1792 1050 1861 Magistratus,

46 1883 206 1953 Erinnerung
219 1901 258 1936 en
273 1883 320 1934 die
332 1881 446 1933 Aediles
458 1881 583 1949 Plebeii,
602 1883 644 1936 im
658 1879 849 1936 Untsrschied
862 1895 918 1932 von
933 1877 1051 1932 denGu·

47 1971 141 2037 mlest’,
165 1972 244 2023 nude
264 1970 355 2040 igitur
374 1970 502 2024 eiusdem
521 1966 719 2026 sententis'its
736 1977 873 2040 eppsret,
897 1975 929 2018 ut
941 1965 1052 2034 Aediles

48 2057 145 2112 curules
164 2060 197 2114 irs
218 2057 346 2112 comitiis
366 2059 537 2113 censuristis
551 2075 668 2129 semper
682 2069 795 2112 mestus
813 2073 875 2112 esse
893 2057 1051 2110 existimets

48 2147 119 2212 quod,
142 2147 166 2200 si
183 2147 297 2202 isctuns
318 2155 411 2215 esset,
442 2163 502 2200 uon
519 2163 639 2216 pessum
659 2147 818 2202 discrimen
839 2147 918 2200 inter
939 2143 1053 2200 Aediles
1170 2170 1173 2183 ·

48 2233 143 2287 Curuios
162 2253 196 2288 ac
210 2233 343 2288 Plebeios
365 2229 577 2306 bonitituissst,
603 2237 746 2308 simulque
762 2251 852 2306 usque
869 2233 907 2320 sd
920 2243 1053 2288 nantum

48 2335 126 2374 sevum
139 2321 312 2376 reddidisset
325 2322 428 2392 cuique
440 2324 637 2380 manifestum.

97 2429 123 2494 5)
147 2429 235 2482 Noct.
253 2425 341 2480 Attio.
357 2427 450 2508 Vlgc.
463 2445 496 2498 9:
527 2426 601 2498 „Cn
615 2427 730 2482 Flauus
748 2436 832 2500 petre
844 2425 983 2482 libertino
996 2445 1052 2484 ns·
1073 2474 1078 2484 ,

19 2565 20 2570 η
49 2519 81 2563 tus
93 2515 227 2586 scriptum
243 2513 387 2580 lncielsst3
404 2513 487 2586 isque
499 2515 529 2570 in
544 2534 579 2569 eo
594 2519 726 2588 tempore
739 2517 832 2572 Aedili
845 2517 945 2572 Curuli
960 2507 1052 2590 ''FP'‘

48 2599 125 2667 rehu,
143 2619 199 2671 quo
214 2613 346 2670 tempore
359 2602 473 2674 Aediles
489 2605 698 2674 subrogentur:
724 2622 848 2677 eumque
868 2623 932 2678 pro
950 2609 1052 2662 tribu

49 2689 194 2744 Aedilem
215 2689 652 2746 curulemrenuntisverunt.
694 2695 731 2745 At
744 2692 868 2760 Aedilis,
893 2696 942 2764 qui
961 2695 1053 2748 comi·
1107 2727 1111 2738 ·

48 2771 217 2847 tiebebebet,
240 2785 329 2846 neget
342 2777 491 2845 accipere,
517 2795 612 2848 neque
627 2779 682 2832 sibi
698 2779 830 2848 placere,
850 2783 899 2851 qui
914 2783 1054 2851 scriptum

47 2857 151 2932 laceret,
169 2872 237 2919 eum
249 2865 379 2918 Aedilem
389 2863 464 2923 fieri.
506 2863 558 2920 Cn.
573 2866 687 2922 Flauius
700 2867 786 2920 Annii
801 2865 877 2920 filius
889 2868 996 2922 dicitur
1009 2877 1055 2922 ts-

51 2946 113 3006 lulss
123 2955 267 3026 puniisse,
289 2955 400 3024 scriptu
413 2971 475 3008 sese
486 2955 652 3010 abdicasse:
670 2956 752 3028 isque
765 2956 870 3012 Aedilis
885 2957 997 3010 Curulis
1008 2957 1053 3010 is·

52 3045 96 3092 ctus
106 3045 177 3099 est''.
213 3045 276 3099 Nec
289 3044 385 3096 miuus
399 3042 486 3112 plene
494 3043 651 3112 Dionysius
659 3044 780 3098 Helix.
801 3060 827 3098 o.
839 3063 883 3114 49.
898 3046 1054 3100 omniurn

53 3124 175 3186 Aedilium
194 3131 374 3184 creationem
393 3147 485 3200 usque
504 3131 540 3182 ed
562 3148 645 3184 susus
666 3140 793 3184 setstem
813 3131 924 3185 lactem
946 3151 1007 3186 esse
1022 3135 1054 3188 in

53 3217 153 3272 comitiis
171 3220 286 3294 tributis
307 3218 450 3286 ostendit,
474 3217 605 3270 scribens
622 3211 702 3285 „uiss'
717 3219 826 3275 ἐκείνου
841 3222 891 3274 τοῦ
900 3216 1004 3292 χρόνον
1021 3221 1057 3278 τὰ

51 3299 90 3355 'nr
101 3303 237 3383 δημάρχων
249 3307 299 3362 sns'
309 3299 487 3382 ἀγορανόμων
498 3297 660 3378 dominicus
669 3305 749 3377 μέχρι
761 3307 811 3359 τοῦ
821 3301 895 3362 καθ’
908 3305 980 3376 ἡμᾶς
989 3302 1055 3381 god·

53 3409 101 3462 stu,
117 3397 177 3471 dign
195 3397 295 3454 οἰωνῶν
316 3415 346 3452 ss
360 3396 413 3450 'sni
430 3395 481 3464 τῆς
497 3389 581 3463 ditm
598 3389 706 3459 ὀττείας
718 3389 844 3465 ἁπάσης,
869 3395 900 3454 ui
912 3397 1056 3467 φυλετικαὶ
1166 3393 1173 3402 ’

54 3489 242 3557 instruontur
252 3482 429 3552 dsslnolsss”.

20 3577 21 3580 ’
106 3571 129 3640 6)
146 3578 191 3651 1Βε
202 3571 423 3642 leginnomen.
441 3585 467 3624 e.
479 3569 506 3625 6.
520 3568 587 3640 spd.
598 3569 704 3630 Grser.
717 3567 846 3626 thesaur.
854 3573 922 3626 Ant.
929 3573 1056 3634 Roman.

55 3653 316 3733 'illinet-¹⁰4⁵·
710 3687 716 3718 t
906 3671 910 3684 ¹

107 3750 131 3818 7)
155 3749 256 3804 Annel.
267 3749 305 3800 ed
318 3763 386 3802 ann.
401 3760 460 3816 575.
477 3761 504 3798 u.
520 3763 546 3798 c.
568 3745 624 3801 vol.
638 3747 677 3804 11.
693 3762 759 3817 pag.
775 3764 854 3818 334„
868 3765 993 3818 quocum
1006 3765 1057 3807 ce.

57 3820 115 3887 tius
129 3837 199 3893 Livii
211 3840 269 3892 xt.
291 3855 316 3889 c.
331 3851 374 3903 44.
393 3834 601 3912 illustrationes
623 3835 787 3907 aSi'gonio,
809 3822 926 3892 butero
941 3849 970 3892 et
983 3843 1058 3898 Dre-

60 3913 209 3983 ktnborchic
224 3926 404 4000 conscriptas
416 3924 465 3993 (in
478 3923 546 3976 edit.
563 3923 714 3980 Dratenb:
729 3927 787 3986 vol.
800 3920 848 4000 V.)
868 3931 1035 4005 coniungas.

111 4021 135 4086 8)
151 4020 298 4074 observat.
312 4016 367 4069 iur.
384 4015 508 4068 nomm.
525 4014 570 4066 Vi.
594 4013 655 4068 obs.
671 4021 710 4082 iz.

656 4193 678 4222 ..s
