2634 4710
394 277 492 345 mr.
509 280 534 346 1.
581 277 746 370 oser.
1024 273 1086 342 ter

40 461 120 522 nius
141 457 190 522 de
211 459 343 543 origine
361 459 447 522 iuris
470 457 569 522 nobis
587 455 742 540 reliquit,
774 455 936 542 adiung03
965 461 1085 520 auctor

40 559 193 643 quidem,
213 577 316 643 quem
331 557 374 624 de
385 559 598 647 temporibus
612 561 759 644 antiquis
771 558 976 624 referentem
993 567 1086 622 nunc

40 665 105 726 viri
128 661 229 725 docti
249 681 360 746 neque
379 664 503 726 iniuria
516 663 560 726 ob
573 665 802 727 inaccuratern
815 681 930 727 terrun
944 663 1085 750 exposi-

39 765 171 826 tionem
184 765 318 826 minimi
329 761 475 840 faciunt,
506 761 599 848 quod
610 773 724 828 temen
733 765 886 828 mxime
897 763 935 828 in
947 773 1084 850 tempo-

8 865 9 880 *
41 885 115 928 rum
128 865 387 952 permutatione
398 865 528 928 censeri
542 873 685 952 oportet.
726 859 795 928 Sed
817 859 874 928 hic
890 881 958 926 non
972 879 1084 928 sermo

40 975 109 1044 est,
127 985 215 1028 rrum
237 963 297 1028 ille
317 963 477 1052 deinceps
501 985 546 1028 ex
560 975 631 1030 arte
652 967 769 1030 critica
787 983 827 1029 sc
848 959 1085 1051 chronologiae

42 1063 237 1154 praeceptis·
264 1083 320 1131 res
342 1075 498 1131 accurate
519 1067 732 1154 exposuerit,
769 1065 829 1132 sed
849 1067 964 1153 potius
984 1083 1028 1133 en
1047 1067 1086 1132 io

44 1176 246 1237 universum
271 1191 345 1255 rem
365 1169 548 1258 protulerit
574 1183 696 1236 veram.
740 1169 875 1256 Quodsi
896 1175 988 1238 enim
1008 1193 1086 1240 rere

44 1279 262 1352 aestimetur,
286 1272 408 1362 procul
427 1279 520 1338 omni
539 1273 643 1340 dubio
663 1285 698 1339 et
711 1279 896 1360 antiquiori
907 1281 1086 1366 ungimu-

45 1388 99 1442 tus
117 1373 236 1442 officio
257 1375 458 1442 vindicanda
478 1385 539 1442 est.
588 1377 768 1466 Pomponii
790 1390 902 1444 autem
923 1380 1085 1444 verbaitt

48 1481 207 1567 legtmtur
223 1478 277 1567 ¹³):
309 1483 478 1566 „itemque
497 1489 537 1544 ut
558 1491 687 1558 essent,
715 1483 774 1564 qui
791 1479 929 1546 aedibus
946 1499 1085 1568 praees

47 1598 137 1663 sent,
164 1587 203 1648 in
223 1585 347 1668 quibus
366 1585 478 1648 omnia
498 1585 583 1649 scits
603 1601 663 1648 sua
675 1580 974 1670 plebsdeierebet,
999 1585 1087 1652 duos

48 1707 88 1751 ex
114 1684 220 1776 plebe
248 1688 514 1782 constituerunt,
555 1686 614 1771 qui
635 1687 738 1750 etiem
762 1681 898 1753 Aediles
926 1685 1084 1776 appellati

50 1795 156 1854 sunt.”

123 1893 182 1958 De
205 1901 342 1968 eorum,
366 1911 451 1977 quae
474 1911 494 1956 e
512 1891 700 1980 Pomponio
714 1891 756 1958 de
771 1890 957 1980 plebiscitis
970 1907 1084 1958 asset-

8 2015 9 2020 *
49 1993 160 2060 vendis
177 1992 285 2059 relata
301 2005 398 2070 sunt,
424 1996 625 2058 auctoritate
638 1996 778 2058 omnino
796 1993 918 2080 mbigt
930 2011 998 2058 noo
1014 2011 1079 2080 po·

8 2113 9 2116 ’
32 2097 125 2175 ¹test,
160 2099 365 2184 praesertim
386 2115 490 2180 quum
514 2095 630 2161 eadem
650 2104 684 2159 et
704 2093 780 2160 eliis
800 2093 1011 2162 documentis
1024 2113 1084 2160 co-

8 2259 9 2264 ,
50 2203 177 2286 piosius
194 2199 476 2288 comprobentur3
498 2217 645 2284 quorum
663 2193 794 2264 veroin
810 2193 874 2262 hec
888 2217 926 2264 re
941 2196 1084 2270 demon·
1158 2213 1161 2220 ·

8 2309 10 2462 Ι
51 2299 183 2368 stranda
195 2303 432 2388 gravissimum
446 2299 560 2365 attulit
572 2301 739 2376 Zonaras,
762 2299 821 2382 qui
842 2302 984 2386 insuper
1002 2317 1085 2386 prae

8 2463 10 2510 ι

51 2409 168 2470 ceteris
189 2403 347 2469 hocloco
360 2395 514 2468 sccur'ate
528 2411 672 2466 enarret.
715 2399 762 2465 At
772 2401 939 2474 Zonaram
952 2419 1086 2484 quoque

8 2511 10 2612 J
51 2515 249 2598 scriptorem
284 2507 490 2576 levissimum
529 2519 563 2572 et
595 2502 771 2570 credulum
802 2502 889 2568 mihi
925 2505 1086 2572 obiiciunt
1118 2499 1121 2510 '

8 2633 9 2664 r
51 2611 208 2689 lectores,
230 2611 353 2694 quibus
375 2613 535 2676 universe
554 2629 632 2672 eum
651 2605 860 2696 perlustrans
875 2609 1085 2691 maximeque

8 2667 10 2820 i
52 2719 283 2800 antiquitatem
296 2732 501 2801 percensens
514 2709 660 2776 libenter
672 2730 801 2780 morem
818 2729 939 2796 geram.
981 2709 1086 2776 Nullo

8 2825 10 2902 ξ
52 2819 136 2880 enim
163 2812 269 2878 modo
287 2815 417 2877 animus
437 2832 493 2876 me
513 2809 599 2892 fert,
639 2806 731 2874 hunc
757 2812 960 2898 scriptorem
982 2807 1086 2876 seculi

52 2917 235 2982 duodecimi
255 2911 407 2978 fontibus
428 2911 644 2998 aequiparare
666 2912 892 2998 gravioribuS,
921 2903 1022 2978 etiam
1041 2933 1086 2978 ne

8 2999 10 3014 ’
55 3041 122 3083 cum
142 3017 390 3083 recentioribus
414 3011 551 3096 quidem
572 3012 767 3074 auctoribus
790 3010 892 3076 modo
927 3009 1102 3077 leudibus

8 3113 10 3152 l
55 3119 192 3186 eundern
212 3116 336 3184 efferre
362 3116 570 3204 permagnis,
604 3112 707 3176 modo
729 3111 881 3178 eiusdem
903 3111 1087 3178 credulita·-

8 3153 10 3260 i
54 3234 115 3287 tem
129 3223 307 3308 obiurgare
321 3217 493 3291 acerbius,
514 3223 590 3277 utut
606 3217 726 3298 cuique
740 3217 893 3302 opinioni
907 3217 981 3304 ipse
996 3213 1087 3282 favet
1111 3279 1115 3286 ,

56 3334 105 3385 eut
127 3323 320 3386 contrarius
344 3329 411 3397 est3
439 3315 500 3382 sed
520 3311 682 3378 hocloco
703 3335 745 3378 ex
766 3326 921 3380 accurata
935 3311 1085 3385 muneris

55 3427 277 3514 descriptione
298 3419 468 3488 Graecum
487 3419 595 3484 bonos
617 3417 729 3483 fontes
750 3421 925 3502 antiquos,
947 3424 1017 3490 sive
1031 3422 1086 3488 di-

57 3601 275 3617 ffl-

58 3713 146 3765 dilium
168 3723 242 3762 uno
264 3703 464 3772 eodemque
489 3715 581 3754 enno
606 3700 797 3754 constiturum
816 3718 878 3754 esse
895 3705 1105 3773 comprobent,

58 3813 82 3851 et
101 3798 254 3866 Dionysius
273 3789 534 3845 Halicarnassensie
553 3797 582 3840 et
602 3790 730 3866 Zoqsres
749 3789 781 3840 in
801 3789 874 3844 locis
886 3807 953 3843 mox
968 3793 999 3846 in
1016 3811 1085 3850 con-

57 3897 128 3940 textu
140 3883 262 3945 notetis,
280 3895 375 3948 neque
390 3875 490 3930 minus'
502 3875 616 3928 Paullus
628 3877 659 3928 in
677 3877 760 3931 Festo
778 3893 800 3928 s.
816 3889 843 3936 v.
859 3878 968 3942 Plebeit
1001 3885 1085 3950 „Ple
1188 3879 1191 3890 ’

57 3977 107 4029 beli
120 3973 232 4028 Aediles
251 3969 407 4020 dissidente
420 3967 502 4034 plebe
515 3983 530 4016 n
551 3964 681 4033 patribus
693 3971 760 4017 suut
774 3964 897 4020 creeti.’'
1068 3963 1076 3972 '

120 4083 160 4146 ¹3)
180 4079 224 4133 De
240 4073 313 4144 orig.
328 4073 383 4125 ior.
402 4073 424 4138 l.
441 4087 484 4124 tr.
