2610 4716
216 277 286 349 ιιι·
481 253 486 270 “
561 239 721 346 mun
765 275 919 374 aaut
1056 287 1125 392 ,s

106 515 111 530 s
219 463 242 525 i
263 457 301 522 e'
318 475 425 535 anuo,
460 475 527 540 quo
553 459 702 542 primum
728 454 792 520 hos
816 455 962 520 honores
985 474 1103 544 capere
1122 452 1300 528 liceret3

221 557 396 626 evidenter
414 571 566 624 anostra
583 558 757 624 Ciceronis
771 565 858 627 vitae
871 559 1030 648 politicae
1049 563 1262 646 cognitione,
1300 641 1301 646 ἵ

92 659 109 740 “,
170 731 175 738 ,
219 683 305 750 quae
328 662 370 726 de
389 661 538 726 eiusdem
556 645 1005 748 PraeturaeAedilitatisque
1030 683 1168 726 onmem
1189 659 1301 721 du-

135 833 138 840 ,
219 763 418 832 bitatio‘nem
441 765 563 843 demit,
597 764 737 854 legalem
755 786 920 831 annorum
941 767 1094 832 ordinem
1115 787 1184 862 pro
1207 763 1301 828 his

219 869 331 934 tribus
359 867 606 952 magistratibus
634 868 849 954 capessendis
876 873 1042 951 coniicere
1065 888 1262 958 possumus.

219 968 398 1036 Praeterea
420 969 530 1055 etitem
542 970 617 1042 veri
630 965 836 1031 simillimum
856 980 925 1047 est,
954 989 1071 1033 omues
1085 970 1264 1032 Romanos
1301 976 1302 990 ¹

222 1071 476 1147 eminentiores,
505 1088 590 1154 quos
611 1068 733 1161 deiude
754 1071 950 1136 ambitiosos
973 1083 1006 1134 et
1021 1074 1057 1134 in
1069 1068 1264 1160 hoporibus
1301 1057 1302 1090 ³

221 1175 457 1264 comprobatos
476 1176 648 1250 novimuS‚
685 1183 778 1236 certo
802 1173 900 1262 ineo
921 1194 1026 1252 anno,
1062 1195 1164 1258 quem
1185 1165 1265 1261 pr'i-
1301 1157 1302 1195 ³

158 1321 165 1342 0
220 1299 315 1344 mum
336 1275 477 1368 singulis
499 1271 685 1340 honoribus
701 1273 757 1339 lex
770 1274 1063 1364 annalisaccipere
1074 1289 1265 1363 pateretur,
1301 1293 1302 1296 ’

222 1385 328 1454 luisse
347 1395 520 1472 capturos:
548 1381 638 1466 quod
650 1377 759 1475 adhuc
775 1386 899 1446 certius
918 1377 969 1458 fit,
997 1383 1025 1446 si
1043 1368 1180 1464 quidem
1190 1380 1265 1446 Ae-

224 1490 390 1556 dilitatern
411 1507 449 1552 ac
466 1485 657 1574 Praeturam
674 1488 710 1548 in
730 1505 799 1548 uno
819 1485 1003 1568 eodemque
1022 1504 1111 1548 anno
1124 1482 1191 1548 hos
1209 1487 1266 1548 vi·
1302 1470 1303 1508 ³

162 1659 167 1663 ,
222 1615 281 1662 ros
298 1605 414 1658 nactos
433 1609 507 1655 esse
527 1591 769 1676 comperimus,
799 1591 920 1676 nempe
935 1585 1027 1658 illam
1039 1597 1120 1676 post
1134 1606 1266 1650 annum
1301 1617 1303 1628 ι

223 1697 434 1782 tricesimum
469 1701 602 1755 sextum
636 1699 809 1774 peractum
841 1692 878 1752 in
904 1691 1061 1777 proxime
1092 1691 1266 1771 sequenti,

223 1793 312 1864 hanc
341 1793 472 1858 duobus
498 1793 594 1854 annis
622 1787 733 1876 plenis
754 1787 989 1878 praeterlapsis
1009 1793 1045 1874 in
1068 1790 1266 1880 quadrage-

224 1903 331 1977 simo,
370 1899 419 1960 ita
449 1903 486 1956 ut
513 1891 715 1958 Consulatus
741 1895 816 1980 pari
849 1912 1014 1956 annorum
1038 1887 1221 1960 'intervallo
1248 1916 1266 1957 a
1303 1917 1304 1948 ι

225 1999 405 2075 Praetura,
448 2012 547 2080 quam
573 1991 734 2081 Praetura
769 1996 809 2059 ab
836 1993 1017 2060 Aedilitate
1051 1995 1193 2061 distaret
1215 1995 1265 2082 37).
1303 2007 1304 2036 ³

224 2145 452 2183 Μ·

226 2275 318 2330 qupe
350 2249 462 2314 eunctis
489 2258 636 2332 suffragiis
666 2259 764 2330 adepti
791 2224 910 2328 dumus,
949 2245 1081 2313 uodtro
1111 2263 1266 2332 quidem

193 2390 196 2395 .
227 2365 340 2420 anno,
380 2349 456 2421 quod
482 2350 603 2420 contigit
622 2353 721 2402 eorum
741 2345 869 2417 nemini,
896 2350 970 2419 'quoe
989 2349 1077 2403 modo
1101 2352 1267 2422 nominavi,

96 2487 125 2514 n
225 2428 1027 2509 raueexiguuaeur'utusAedilitatirfuit.”

152 2591 161 2602 2
196 2597 200 2605 ι
280 2559 343 2632 ’ὄῄ
373 2560 418 2614 De
437 2557 599 2612 aedilitatis
624 2557 766 2630 petitione
791 2557 924 2628 legitima
948 2558 981 2611 iu
1007 2575 1085 2611 anno
1113 2561 1269 2618 tricesimo

196 2713 199 2725 Ι
225 2651 325 2712 texto,
349 2653 401 2697 ant
424 2643 459 2697 de
477 2645 606 2712 eiusdem
628 2645 882 2712 administratione
901 2646 932 2696 in
953 2643 1102 2698 tricesimo
1124 2649 1266 2718 septimo,

225 2743 367 2806 tanquam
388 2733 486 2806 primo
507 2749 585 2786 enno
608 2749 764 2799 concesso,
798 2731 941 2802 gerenda,
971 2733 1268 2804 accipiar-Scipionis

226 2824 359 2880 Africani
373 2823 496 2878 Minoris
516 2822 622 2888 vitam,
654 2823 702 2891 qui
715 2821 901 2874 Aedilitetem
920 2821 970 2874 illo
988 2839 1062 2874 enno
1075 2831 1179 2894 petens
1193 2825 1268 2896 legi.

227 2915 282 2972 bur
302 2913 411 2968 solutus
427 2920 462 2964 et
484 2918 567 2963 extra
579 2907 713 2961 ordinem
729 2908 836 2963 Consul
852 2907 948 2962 iactus
963 2917 1021 2975 est,
1048 2907 1122 2962 Livii
1134 2911 1268 2978 Epitom.

227 3003 250 3074 ι.
265 3020 316 3073 50,
341 3001 437 3053 Veler.
453 2998 575 3052 Maxim.
589 2999 666 3052 vm.
685 3014 711 3052 c.
730 3012 769 3066 15.
787 3001 815 3065 §.
828 3014 872 3065 4.,
899 2996 1020 3065 Appiam.
1038 2989 1074 3051 de
1086 2995 1148 3050 reb.
1163 2997 1267 3052 Punic.

205 3153 207 3156 ,
228 3106 256 3146 c.
273 3106 337 3156 ιιι,
354 3098 383 3141 et
394 3083 630 3140 manifestissime
644 3082 706 3136 eiua
720 3091 800 3136 aetas
816 3099 833 3134 ιι
845 3082 957 3136 Velleio
970 3083 1083 3136 Patere.
1099 3082 1228 3136 traditur
1242 3085 1265 3138 1.

214 3185 253 3236 o.
272 3195 320 3246 ιι,
343 3184 373 3230 et
384 3175 423 3230 11.
443 3189 470 3231 o.
484 3191 502 3242 4
516 3174 546 3226 in
560 3171 611 3226 fin.
631 3170 787 3241 „decessit
803 3184 880 3224 anno
899 3170 992 3224 ferme
1007 3171 1087 3232 LVI,
1111 3171 1226 3244 dequo
1241 3172 1267 3224 si

191 3303 201 3312 ,
228 3263 293 3332 quie
309 3261 455 3332 ambigat,
479 3267 613 3312 recurrat
629 3258 666 3311 ad
682 3253 812 3328 priorem
827 3256 1014 3309 Consulatum
1028 3257 1114 3334 eiua,
1124 3259 1160 3310 'in
1176 3277 1267 3329 quern

200 3359 207 3376 ¹
228 3364 344 3410 oreatus
363 3361 406 3406 aet
426 3366 502 3404 euno
517 3349 653 3416 xxm,
678 3348 721 3400 ita
740 3347 871 3404 dubitare
890 3346 1037 3401 desinett’.
1080 3349 1158 3402 Tum
1169 3349 1268 3418 respi-

228 3445 288 3498 oiaa
303 3445 335 3497 C.
353 3440 420 3494 Iulii
439 3437 570 3493 Caesarie
583 3435 749 3504 exemplum
761 3452 795 3488 ex
809 3435 927 3492 Sueten.
949 3433 999 3486 vit.
1015 3433 1048 3488 C.
1070 3451 1135 3503 cap.
1149 3452 1165 3506 7
1180 3442 1211 3486 et
1224 3453 1266 3496 ιο,

227 3531 262 3584 L.
275 3528 388 3584 Luculli
404 3523 635 3580 Aedilitatemin
652 3522 713 3578 Cic.
731 3514 849 3594 qualest.
865 3521 1000 3573 Acedern.
1015 3521 1054 3586 Π,
1075 3539 1098 3575 ι.
1120 3526 1145 3589 5.
1165 3539 1197 3590 ι,
1218 3522 1269 3592 qui

227 3625 326 3672 tamen
354 3612 391 3668 ob
420 3614 493 3696 legia
516 3609 668 3666 Corneliae
694 3609 859 3680 praemium
881 3623 916 3658 ex
937 3605 1094 3660 Aedilitate
1123 3609 1267 3686 continuo

228 3705 348 3758 Praetor
361 3701 455 3754 lactus
473 3689 530 3758 eat.
549 3706 613 3750 tum
627 3695 775 3748 Ciceronis
790 3693 989 3759 Aedilitatem,
1009 3691 1044 3744 de
1058 3709 1114 3764 qua
1130 3691 1163 3746 in
1177 3695 1267 3746 Bruto

228 3808 255 3846 ιι.
270 3810 303 3862 92
321 3792 458 3861 (quocum
473 3785 550 3844 conf
566 3785 601 3836 de
618 3781 702 3836 Offic.
719 3783 755 3836 ll.
778 3798 803 3834 e.
821 3780 892 3852 17)
883 3797 944 3848 ipse
960 3779 1043 3831 dicit:
1069 3797 1163 3848 ,cum
1176 3781 1268 3850 igitur

166 3945 169 3951 ,
229 3893 322 3958 errent
340 3878 372 3934 in
394 3877 528 3950 plurimis
546 3875 654 3930 caussis
674 3882 703 3928 et
722 3889 753 3926 ιιι
761 3871 944 3942 principibus
957 3869 1087 3942 patronis
1102 3875 1267 3942 quinquen·

84 4017 89 4026 .
159 3986 162 3992 ·
197 4022 200 4028 ,
227 3971 309 4024 ιιιιιιιι
324 3971 385 4024 iare
397 3977 542 4034 versatus
559 3975 622 4019 tum
636 3983 665 4018 ιιι
678 3963 844 4036 patrocimo
860 3961 1003 4014 Sicallener
1017 3977 1143 4014 maxime
1156 3981 1188 4016 ru
1206 3982 1266 4016 cer·

228 4065 327 4114 tamen
341 4059 414 4140 neni
435 4056 600 4142 designem
616 4053 725 4110 Aeliu.
747 4065 813 4106 cum
836 4047 986 4126 designato
1008 4047 1126 4104 coneule
1139 4049 1266 4106 Horten·
