2634 4710
366 265 464 334 ιω.
487 267 513 334 ι.
564 251 733 394 cade.
781 359 786 374 .
923 213 942 280 ⁴·
985 233 1069 376 ⁸‘aas

105 447 172 514 Sed
190 444 234 510 ad
248 441 420 515 Aedilium
433 431 572 510 niunera
586 445 761 536 sequentia
775 441 986 522 redeundum
1002 457 1068 523 est,

37 555 143 637 quibus
162 571 254 614 nunc
274 552 373 613 iuxta
391 549 507 636 priora
528 567 653 636 novum
669 543 819 612 officium
832 567 853 614 a
866 553 954 616 ritae
968 547 1066 615 coni·

36 660 131 720 mnnis
152 653 414 719 necessitatibus
437 647 652 738 efflagitatum
673 649 834 717 videmus.
887 649 1065 743 Frumenti¹

37 757 136 846 inopia
158 777 264 841 quum
285 765 355 820 tam
369 773 468 844 saepe
481 745 642 844 Europae
652 757 807 842 'regiones
824 755 1064 824 meridionales

38 883 90 947 per,
100 874 242 924 naturae
260 856 353 946 leges
375 869 497 944 urguet
511 855 568 944 ²³),
608 871 682 923 turn
705 859 870 947 temporis
884 849 1065 951 praecipiad

37 960 134 1026 ltaliae
148 960 281 1025 mediae
295 975 394 1046 agros
408 962 560 1044 ingratos
575 963 719 1036 vexavit,
739 961 961 1049 inprimisque
974 961 1081 1051 apud‘

38 1062 166 1150 populos
186 1058 382 1140 bellicosos,
398 1055 403 1066 ⁴
418 1061 475 1145 qui
496 1079 576 1125 raro
596 1077 659 1146 per
683 1081 789 1126 unum
808 1071 921 1128 totum
938 1081 1065 1134 annum

38 1170 110 1252 pacis
129 1167 279 1250 negotiis
301 1163 529 1226 incubuerint.
584 1161 651 1226 Sed
672 1159 745 1227 iere
764 1163 888 1248 ubique
903 1167 989 1232 vitiae
1001 1171 1065 1231 ne'-

40 1273 215 1332 cessitatum
239 1269 372 1352 inopia,
401 1275 437 1327 nt
451 1261 592 1330 historia
605 1261 683 1350 plus
697 1266 777 1330 satis
798 1262 953 1345 homines
979 1265 1065 1332 edo-¹

39 1381 90 1445 cet,
109 1367 258 1432 adduxit
275 1366 316 1430 ad
332 1365 517 1431 seditiones
532 1361 663 1446 civiles,
695 1385 779 1450 quae
792 1387 861 1432 non
876 1373 988 1436 minus
1004 1364 1067 1435 ret-²

39 1470 222 1546 bellantem,
260 1487 359 1553 quam
382 1489 476 1546 eum,
511 1477 630 1532 contra
657 1487 758 1552 quem
784 1469 982 1538 rebellatum
1002 1481 1068 1554 esi,

40 1574 306 1639 disturbaverunt.
377 1563 606 1654 Quamobrem
650 1569 816 1636 eiusmodi
856 1571 1064 1642 tumultuum

41 1681 238 1764 eruptionem
252 1693 370 1737 omnes
385 1681 579 1735 metuerunt
594 1673 630 1734 in
648 1673 865 1754 antiquitate,
889 1667 987 1762 plebe
1003 1659 1069 1740 iti-³

39 1774 108 1856 ima,
135 1783 241 1863 quam
259 1789 353 1838 nunc
367 1776 402 1836 in
421 1792 622 1856 quocunque
637 1791 760 1858 reguo,¹
778 1777 902 1862 partim
916 1795 960 1841 ex
975 1774 1070 1864 ope·'

40 1886 114 1947 ratiis
130 1880 309 1966 corruptis
320 1873 472 1960 nihilque
493 1871 700 1949 colentibus,
721 1879 846 1964 partim
864 1899 881 1942 e
897 1878 1062 1944 mendicis
1081 1904 1085 1912 ·

39 1983 215 2068 reliquaque
235 1977 389 2064 conluvie
409 1971 602 2054 conflatam,
623 1980 736 2064 itaque
751 1979 1065 2066 perturbationibus

40 2091 112 2168 quasi
131 2085 286 2149 maximo
300 2099 363 2145 suo
384 2075 562 2142 commodo
575 2097 709 2166 semper
721 2078 941 2165 gaudentem,
957 2083 1072 2146 'novi-²¹

39 2211 110 2270 nus,
131 2204 208 2255 tum
224 2183 323 2273 plane
337 2186 461 2270 ignota.
481 2191 524 2231 -'-
572 2179 659 2245 Nam
674 2181 716 2246 de
732 2185 846 2270 primo
858 2169 1073 2271 reipublicae?
1125 2259 1133 2276 ‚

39 2293 140 2359 iberae
166 2287 284 2356 seculo
302 2284 446 2370 loquor,
468 2283 560 2370 quod
580 2287 616 2348 in
630 2287 699 2350 vita
718 2281 845 2371 vulgari
859 2285 901 2349 ab
914 2289 1064 2373 impera-

22 2443 23 2450 ,
40 2413 131 2463 torum
145 2393 359 2480 temporibus
374 2389 444 2455 iere
457 2409 560 2474 aeque
576 2401 743 2474 remotum
756 2401 824 2466 est,
845 2409 884 2454 ac
903 2377 1071 2477 aregno-'

22 2505 97 2582 ξωω
114 2510 206 2564 statu
226 2491 403 2557 hodierno
423 2525 467 2539 -
520 2487 621 2557 Unde
639 2507 722 2574 ergo
740 2485 868 2552 iactum
888 2501 955 2567 est,
972 2485 1067 2573 quod

22 2639 23 2648 ι
40 2600 115 2688 plebs
127 2601 282 2664 Romana
293 2593 419 2658 talibus
431 2595 594 2680 angustiis
609 2583 788 2678 oppressa,
815 2591 926 2656 denuo
942 2589 1068 2659 foene-
1175 2673 1179 2688 ξ

22 2745 23 2762 t
41 2717 172 2769 ratorum
195 2699 353 2765 manibus
374 2693 501 2772 oblata,
530 2716 573 2759 ne
593 2691 635 2757 ad
650 2705 839 2758 extremum
855 2689 993 2782 prodire
1006 2695 1084 2760 inb.

22 2817 100 2898 topia
121 2817 319 2894 cogeretur,
347 2797 540 2866 auxilium'
529 2819 564 2864 in
589 2797 820 2886 praesidibus,
846 2817 968 2885 nempe
983 2795 1065 2860 Tri·
1144 2847 1149 2856 .

24 2904 118 2980 'bunis
137 2911 186 3000 pl.
214 2911 279 2974 sibi
299 2907 475 2990 quaesivit.
522 2899 592 2986 Qui
609 2911 723 2966 autem
744 2919 787 2966 ne
808 2899 1076 2988 impedirentur,·

22 3055 23 3058 κ
43 3017 226 3096 quominus
248 3005 452 3098 plebisru'ra
465 3005 618 3090 graviora
632 3013 752 3066 contra
763 2999 929 3066 Patricios
946 2999 1068 3065 defen·
1143 3025 1148 3036 1

22 3116 158 3196 gderent,
190 3135 266 3178 rem
286 3109 329 3174 ad
349 3106 459 3198 plebis
483 3103 643 3194 praesidii
664 3103 836 3170 adiutores
859 3101 1067 3178 detulerunt,
1122 3089 1129 3100 ’

22 3219 175 3306 ¹quibus
164 3234 235 3280 ram
257 3223 373 3288 antea,
407 3219 528 3296 utpote
556 3202 693 3270 Cereris
719 3204 811 3272 aedis
841 3203 1079 3276 curatoribus,

22 3319 112 3414 ξὶωω
129 3337 208 3392 eos,
230 3315 290 3398 qui
321 3315 355 3374 in
383 3306 451 3372 hoe
481 3303 612 3398 asylum
640 3303 890 3390 confugissent,
946 3319 1089 3394 panem·
1145 3309 1148 3324 '

22 3409 228 3512 {distribuere
246 3413 403 3477 convenit
416 3408 466 3496 ²⁴).
510 3405 566 3506 sio
580 3417 692 3474 autem
705 3403 840 3526 Aediles
857 3403 875 3472 i
881 3401 1068 3473 rumenti

49 3619 194 3689 improvide
210 3615 343 3690 inierint,
362 3613 398 3666 ab
408 3611 552 3664 Aedilibus
566 3610 605 3680 pl.
621 3609 729 3700 pulsati
743 3617 824 3665 ninia
843 3595 938 3666 Valet.
947 3569 1077 3670 Maxim.¹

22 3743 94 3868 in
114 3815 140 3868 t

97 3887 139 3952 ις.)
156 3882 223 3937 Vid.
242 3899 306 3954 etp.
327 3899 351 3943 ι.

47 3707 81 3761 Vl.
98 3707 202 3780 cepti.
221 3709 296 3773 §.23
323 3685 709 3778 biviispitnmdthnxv5
744 3699 1077 3778 Zouer.At1nal.V111.,
1162 3705 1194 3750 Ἃ
1293 3693 1295 3706 ’

97 3973 140 4037 ω)
156 3969 300 4028 Varronis
320 3969 357 4024 de
380 3967 488 4023 vitaI’.
504 3955 540 4042 Ii.
558 3963 667 4036 fragm
672 3953 757 4034 apud
773 3963 939 4020 Nonium.
955 3978 981 4019 r.
997 3963 1072 4020 Ριιι·
1086 3993 1092 3999 -
1158 3967 1167 3982 ’

47 4050 88 4124 do,
114 4055 188 4129 qnod
208 4067 237 4112 et
257 4057 404 4130 reperitbr
425 4055 510 4112 Virr.
536 4053 612 4123 opp.
634 4049 682 4106 ed.
703 4045 770 4122 Bpt.
796 4069 822 4106 o.
843 4055 904 4108 bot.
912 4033 1076 4112 virsedi
1191 4039 1194 4044 ’
1229 4103 1234 4118 ,

706 4139 778 4204 11⁴
886 4189 889 4194 ,
