2590 4718
376 225 775 328 urn.1.cae.1.'
919 327 926 352 Ι
1046 252 1067 318 a

14 323 16 358 l

14 359 16 440 l
100 423 289 487 sinautem
301 419 471 488 Aedilium
492 421 678 510 similisque
691 428 867 512 potesmie
881 429 1060 514 magistra-
1113 437 1119 444 '

36 540 107 590 nun
120 529 273 614 origines
287 529 534 612 antiquissimas
548 528 638 615 apud
650 528 802 596 diversos
814 525 962 616 populos
982 530 1055 600 die-

37 631 141 710 quirere
152 627 336 708 volumus,
359 629 563 718 principales
576 627 676 716 hujus
689 635 841 696 muneris
854 651 952 699 curas
969 655 1054 702 oen-

36 751 119 796 semus
159 751 343 798 securae
383 737 497 800 vitae
535 731 737 820 publicae
776 733 953 800 tutelam
988 733 1053 804 le-

34 838 201 918 viumque
223 837 473 912 criminum,
507 855 613 922 quae
634 856 719 901 eam
737 834 963 904 laederent
983 840 1051 906 vel
1113 825 1120 842 '

32 931 384 1022 laederepossent,
405 939 727 1016 coercitionem,
749 937 1048 1006 deindeorna-

31 1051 76 1103 tus
92 1038 261 1126 publici
283 1059 425 1104 curam
446 1059 719 1118 communem,
740 1039 928 1126 denique
950 1040 1044 1108 irn-
1138 1039 1145 1058 '

31 1145 128 1206 nenti
154 1160 326 1228 semper
351 1139 633 1206 sufficientis
660 1139 927 1226 aliorumque
956 1141 1042 1208 ali-

29 1257 237 1308 mentorum
272 1247 631 1331 procurationem
662 1245 729 1310 ie.
757 1247 869 1310 omnia
890 1265 1045 1326 munera,

30 1367 85 1430 quae
115 1345 203 1433 apud
236 1358 374 1412 nostros
401 1346 630 1426 sublnomine
663 1343 825 1414 hdhere
860 1343 1040 1442 Policey

29 1447 325 1535 comprehendimus.
347 1445 449 1514 Unde
466 1447 588 1526 elucet,
607 1461 813 1534 temporum,
835 1450 958 1540 quibus
970 1469 1038 1538 po·

29 1548 75 1634 puli
89 1549 191 1616 adhuc
213 1549 399 1614 nomadum
413 1554 481 1615 vita
492 1554 545 1616 usi
558 1563 658 1628 sunt,
676 1555 956 1640 perquisitionem
969 1575 1037 1640 pro
1137 1627 1144 1646 Ι

29 1669 110 1718 nostro
125 1655 190 1719 fine
207 1653 287 1719 fore
300 1651 400 1740 plane
420 1653 593 1733 inutilem,
619 1675 728 1741 neque
745 1659 858 1720 minus
876 1652 1035 1742 populos,

32 1763 66 1840 qui
73 1763 120 1824 etsi
138 1756 367 1845 agricultores
387 1779 557 1844 nunquam
571 1763 607 1823 in
621 1761 803 1826 maioribus
818 1759 953 1847 oppidis
968 1759 1031 1830 ha-

30 1859 192 1944 bitaverunt,
216 1861 426 1942 omninoque
441 1879 504 1922 nec
520 1861 703 1946 insigniore
722 1856 943 1936 commercio,
966 1881 1030 1926 nec

28 1966 121 2027 nomine
133 1961 278 2050 publico
291 1959 540 2052 quodammodo
553 1961 716 2049 ampliore
734 1961 838 2048 gavisi
853 1973 943 2040 sunt,
964 1962 1029 2028 ad-

27 2061 75 2128 duci
92 2087 151 2130 non
170 2085 286 2153 posse.
336 2063 451 2150 ltaque
471 2083 515 2130 ex
529 2067 735 2152 antiquitatis
750 2067 880 2132 ratione
894 2075 1026 2132 tautum

26 2165 50 2229 de
65 2171 95 2234 iis
113 2167 250 2256 populis
273 2185 385 2232 sermo
405 2185 477 2232 esse
495 2177 625 2252 potest,
651 2169 710 2251 qui
723 2163 776 2232 'vel
790 2167 890 2232 rebus
910 2171 1024 2252 gestis,

26 2269 166 2339 rellitteris
183 2286 220 2338 et
233 2273 380 2348 artibus,
402 2267 457 2336 vel
479 2269 644 2348 industria
657 2281 767 2334 totum
783 2281 893 2336 terrae
903 2271 1023 2356 orbem

25 2387 239 2453 permoverunt,
267 2371 305 2436 id
320 2385 372 2436 est
386 2370 428 2436 de
442 2367 578 2458 populis
592 2373 649 2456 qui
664 2373 766 2434 maris
782 2361 1019 2466 mediterranei

26 2491 72 2538 oras
87 2475 132 2546 ‚vel
151 2473 373 2540 incoluerunt
393 2471 447 2538 vel
460 2485 631 2537 rexerunt.
672 2472 710 2536 ln
725 2470 778 2538 his
790 2485 901 2538 tamen
916 2477 1018 2541 terris

25 2571 253 2662 coelumquoque
261 2593 300 2636 ac
310 2585 428 2636 natura
438 2575 584 2660 regionis
596 2567 678 2637 tales
687 2575 899 2660 magistratus
908 2573 1017 2642 multo

24 2682 83 2761 prius
99 2701 192 2765 quam
212 2681 249 2742 in
262 2675 398 2762 Europa
419 2673 527 2744 media
542 2671 835 2762 postulaveruotn
855 2689 890 2742 et
905 2675 1033 2768 adhue

23 2781 157 2864 postulant,
170 2783 236 2846 etsi
251 2800 341 2842 nunc
354 2775 425 2843 fere
437 2778 560 2864 ubique
574 2797 691 2843 omnes
705 2775 1022 2848 administrationes.

25 2883 98 2950 civiles
109 2883 184 2949 hoio
199 2893 394 2948 curatorum
408 2881 614 2966 generibene
627 2879 885 2970 consuluerunt.‘
924 2881 1019 2948 Naur:

25 2992 151 3053 notiuima
163 2987 225 3052 ‘est
239 3005 311 3062 res,
331 2975 485 3050 homines
498 2980 569 3048 illic
584 2986 688 3069 magis
701 2985 762 3050 sub
777 3005 897 3052 sereno
913 2985 1010 3076 coelp

26 3094 112 3169 rivere,
129 3111 228 3176 quam
246 3087 401 3158 domibus
415 3107 451 3152 se
465 3099 597 3165 tenere,
618 3089 687 3149 imo
702 3088 802 3152 etiam
816 3089 851 3150 in
867 3091 931 3154 viis
946 3109 1007 3152 ne-
1081 3083 1101 3189 Ἰ

25 3249 197 3272 δυ-ι--ιυιιι

64 3346 83 3409 3)
101 3345 209 3399 Idcirco
226 3341 405 3408 Mediolani,
427 3340 573 3407 tenentia,
603 3341 739 3406 Genese,
762 3341 860 3407 Pisae,
886 3341 1000 3394 Floren-

25 3428 56 3478 tiae
66 3443 91 3484 ao
101 3435 218 3505 Neapoli
231 3449 285 3504 per
296 3431 426 3486 medinm
438 3447 559 3488 aevum.
587 3445 678 3498 quum
689 3429 744 3484 hae
758 3429 844 3482 urbes
859 3445 1001 3510 commer-

26 3517 226 3578 o'orciodustria
240 3521 427 3594 prae'eeterie
439 3519 566 3572 maxime
581 3519 740 3584 florerent,
761 3518 885 3586 magnae
901 3515 1001 3586 politi-
1077 3525 1080 3534 '

25 3618 84 3660 tiron
96 3614 319 3682 magistratuum
330 3607 431 3676 copiae
448 3606 626 3658 mentionem
637 3605 751 3658 taoiom
767 3613 900 3683 auctores
914 3619 999 3658 ποιε-

26 3695 82 3758 lanei;
96 3699 306 3756 eimaumeriu·
318 3698 351 3750 ln
360 3694 465 3748 Geseh.
480 3693 769 3748 derHohenrtanlien
784 3693 883 3748 volv.
898 3709 926 3763 p.
937 3701 998 3764 134,
1105 3749 1107 3761 .

27 3785 124 3852 utnon,
141 3797 259 3858 afflato.
303 3781 395 3838 Iidem
413 3783 601 3852 magistratus
615 3783 800 3862 reperiuntur
812 3789 843 3834 et
858 3778 1008 3854 Mnasiliie*
1080 3830 1082 3841 ,

27 3865 211 3928 tiltreellouae.
253 3869 308 3926 Sed
330 3869 432 3922 eodem
449 3875 580 3936 tempere
600 3866 632 3920 in
651 3865 749 3920 Gellia
767 3864 998 3938 septentrionalir

28 3947 174 4028 inlituque
190 3959 367 4025 Germania,
381 3955 547 4008 civitatibus
559 3955 741 4010 Hanteatinir
752 3954 884 4026 'exceptio
892 3991 900 4022 ‚
908 3942 993 4009 ''ninu-

29 4042 74 4094 nodi
83 4062 183 4104 munera
196 4049 291 4103 civilia
302 4046 385 4102 valde
398 4043 607 4098 desiderantur.
