2610 4716
506 1285 509 1291 ·
574 1223 778 1331 “clu
815 1253 866 1329 ιι
915 1306 918 1310 -

78 1521 83 1531 .
263 1455 458 1527 uentum
487 1456 644 1526 muns
674 1459 724 1530 uu
750 1453 983 1606 nonninus
1011 1407 1245 1542 sontium.

239 1708 326 1822 Non
350 1775 550 1846 possumus,
577 1761 675 1842 quin
681 1757 764 1824 huie
782 1761 885 1846 capiti
899 1753 1094 1864 praefantes
1108 1753 1263 1825 fateamur,
1290 1803 1291 1842 q

217 1863 222 1870 “
240 1863 397 1950 Pighium
412 1861 436 1944 ¹)
451 1871 521 1924 tam
536 1859 679 1926 sedulo'
668 1883 705 1926 ιιι
718 1861 782 1928 hae
796 1883 840 1927 re
849 1825 1056 1936 elaborasse,
1077 1870 1117 1922 ut
1131 1855 1263 1944 plerum·
1290 1871 1291 1950 p

205 2035 213 2046 ,
240 1988 307 2054 que
323 1965 530 2030 materiem
519 1983 586 2026 ram
609 1961 785 2030 collectam
798 1987 843 2030 ex
859 1962 1010 2030 eiusdem
1021 1959 1204 2024 Annalibus
1218 1973 1291 2024 ac

231 2073 366 2158 pipere,
385 2059 680 2148 monumentisque
695 2071 843 2152 antiquis
861 2088 903 2130 ex
914 2063 981 2128 hoc
994 2069 1262 2152 temporeparum

239 2173 347 2235 auctis
368 2171 426 2234 vix
445 2165 573 2233 maiore
592 2173 771 2234 nominum
792 2174 892 2258 eopia
911 2172 1037 2244 iterum
1056 2169 1096 2230 in
1109 2160 1263 2252 publicum
1290 2159 1291 2168 ’

104 2244 107 2252 ¹
144 2246 169 2335 :s
237 2272 395 2362 prolerre
419 2270 628 2338 deberemus.
676 2267 908 2340 Nihilominus
927 2285 1041 2338 tameo
1063 2292 1135 2336 non
1149 2263 1264 2342 facilen

115 2460 119 2476 ι
165 2393 168 2399 ’
238 2392 379 2462 operam
399 2368 479 2440 huic
498 2378 551 2450 uei
572 2378 784 2455 natavimuS‚
811 2374 903 2460 quod
917 2371 1093 2461 Pighium,
1120 2373 1184 2436 etsi
1201 2380 1263 2434 vere

230 2478 453 2565 diligentem,
482 2497 582 2564 saepe
597 2473 731 2564 quoque
744 2481 935 2546 necessaria
950 2475 1134 2564 colligendi
1150 2495 1185 2540 ac
1197 2489 1263 2560 per-

64 2628 66 2632 ·
133 2579 177 2668 f
239 2579 413 2646 scrutandi
434 2578 659 2676 cotelerius,
690 2597 790 2666 quam
809 2599 958 2664 unquam
978 2582 1014 2642 in
1035 2576 1262 2644 talibusrebus

122 2739 127 2750 ,
236 2685 391 2776 permitti
403 2684 540 2772 possit,
566 2700 667 2748 usum
687 2703 762 2749 esse
775 2682 946 2750 videmus:
961 2681 1201 2748 ‘unde'faetum
1213 2684 1262 2751 est,

236 2796 276 2852 ut
288 2786 515 2864 creberrime,
543 2788 675 2851 etiamsi
686 2807 730 2852 ne
741 2783 980 2874 negligentiam
993 2785 1131 2872 quidem
1145 2789 1180 2850 iu
1193 2782 1263 2860 loeis

168 2936 175 2954 ι
235 2887 425 2957 excitandis
450 2907 573 2974 urgere
599 2885 759 2968 velimus,
795 2887 995 2978 emendandi
1024 2893 1160 2978 oocasio
1180 2884 1262 2948 nobis

234 2991 432 3058 offerretur.
480 2988 659 3056 Praeterea
678 2993 715 3054 in
736 2993 856 3071 annis,
887 3007 1032 3082 quorum
1044 2991 1178 3065 Aediles
1194 2987 1263 3054 fon-

225 3099 323 3162 -tium
340 3095 543 3160 documenta
563 3115 635 3159 non
653 3094 882 3180 reliquerunt,
911 3095 1052 3184 Pighius
1071 3095 1176 3165 veluti
1190 3111 1262 3180 ope-

20 3243 26 3256 ·
233 3201 345 3263 rarius
364 3195 555 3260 laboriosus
576 3195 840 3280 conquirendive
858 3196 1116 3282 cupidissimus,
1146 3199 1262 3283 quius·

235 3296 341 3386 qu'am'
357 3296 544 3364 inseriniis
559 3295 673 3363 locum
684 3319 827 3364 vacuum
844 3303 997 3384 aspicere
1014 3305 1116 3366 anxie
1131 3308 1260 3367 veretur,

187 3457 189 3462 .
236 3422 282 3466 ex
306 3393 540 3484 Romanorum
563 3386 720 3486 gentibus
749 3400 971 3468 nobilissimis
995 3407 1152 3481 nomina,
1191 3415 1260 3482 quae

233 3503 406 3606 posterius
428 3499 465 3562 in
483 3501 733 3586 magistratibus
755 3502 988 3587 superioribus
1001 3517 1162 3591 occupata
1174 3516 1259 3586 repe-

93 3677 102 3687 ,
152 3628 161 3653 τ
188 3673 212 3698 .-
232 3608 298 3681 rit,
327 3581 477 3690 collegit,
513 3611 551 3668 ut
570 3601 692 3671 iisdem
714 3613 794 3690 apto
814 3603 961 3688 quodam
981 3626 1148 3670 annorum
1165 3607 1260 3668 inter

231 3706 321 3782 vallo
341 3721 437 3774 retro
459 3717 674 3796 computato,
701 3704 918 3774 Aedilitatem
941 3711 1011 3777 sive
1025 3707 1258 3833 Plebeiamsite

1290 3805 1291 3850 l

154 3906 186 3932 ‘'
218 3924 226 3934 ’
302 3915 329 3980 ι)
360 3887 742 3976 Annaliummomenorum'
766 3870 931 3966 editionem
954 3883 1107 3968 meliorem
1127 3917 1291 3980 llntwerp

165 4071 166 4074 Ἴ
233 4018 279 4055 ex
275 3995 366 4054 offic.
387 3999 515 4054 Plantin.
528 3999 591 4080 615.
613 3999 667 4064 iol.
688 3999 775 4070 3vol.
797 4001 1012 4081 citabimue,e
995 4021 1094 4074 equa
1116 4003 1291 4075 Magistra·

176 4108 180 4120 ·
230 4103 312 4144 tuum
327 4089 452 4143 Annales
473 4090 593 4144 Graevii
608 4089 774 4146 thesauro
764 4107 795 4146 ιιι
809 4090 866 4151 vol
880 4093 921 4148 XI
938 4093 1074 4148 adiuncti
1079 4083 1154 4147 ἐιιιιι.’
1290 4095 1291 4168 l
