2610 4712
377 144 481 254 nin.
500 183 538 254 ι..
581 136 798 280 suern
1040 192 1115 266 mr

48 355 143 436 situ,
168 354 234 426 vel
256 359 365 427 etiarn
373 359 609 448 superioribus
622 336 875 448 magistratibus
890 363 1112 445 vindicarent,

47 455 250 542 difficiliora
264 473 377 528 autem
389 481 429 528 ac
441 465 593 550 gesion
602 467 700 531 novis
717 463 949 552 dignitatibus,
961 465 1109 532 militum

45 577 314 650 ceterorumque
333 563 474 652 uigilum
492 564 623 632 auxilio
647 563 757 639 fretis·
770 567 993 656 adsignarent.
1036 567 1106 638 Sed

43 669 76 730 ln
99 671 311 756 municipiis
351 666 473 735 eodem
504 680 661 756 tempore
676 667 841 748 Aedilitas
867 673 973 756 magis
1000 673 1103 736 etiam
1179 757 1184 766 .
1272 757 1277 770 Ι

42 791 142 853 quam
167 782 276 836 antea
305 768 518 850 effloruerat,
550 787 847 854 quamverum
869 771 1025 856 equidem
1038 795 1120 856 ex-,

42 865 246 956 amplorum
264 873 363 957 copia
384 868 542 937 illustare
561 869 786 958 supersedeo,
815 873 893 955 quia
906 861 1100 942 Ever'ardus

40 972 147 1050 Otto,
175 975 235 1038 uti
252 974 445 1038 incuratior
469 970 621 1036 eiusdem
643 970 725 1036 libri
745 975 897 1058 cognitio
910 969 996 1036 mihi
1014 993 1101 1060 per-.-
1227 1045 1230 1052 ¹

40 1077 165 1153 suasit,
212 1074 258 1140 de
273 1071 346 1148 hoc
368 1075 570 1160 magistratu
589 1069 756 1138 laudabile
776 1069 969 1160 diligentiae
987 1071 1100 1148 docu-

39 1189 201 1242 mentum
223 1177 289 1247 sibi
305 1178 441 1266 posuit,
462 1194 502 1240 ac
515 1173 592 1250 fere
601 1171 688 1252 nihil
704 1172 839 1264 plenius
855 1169 1098 1266 exponendum

40 1279 136 1346 nohis
158 1276 318 1364 reliquit.

5 1483 6 1488 ἵ
119 1399 292 1492 Attamen
303 1397 434 1468 Rodiae
445 1399 737 1489 discrimenintar
746 1401 883 1470 aedues
901 1395 1046 1472 Curules
1059 1417 1095 1472 et

41 1503 202 1574 Plebeios
222 1518 317 1576 certo
336 1505 406 1572 duo
429 1521 493 1594 ptr
510 1505 750 1574 seculaadlrne
763 1513 966 1598 permansit,
988 1529 1093 1594 quare

42 1604 197 1672 liitterus
212 1607 255 1712 ⁹⁹)
273 1603 445 1692 vulgarem
462 1610 677 1686 sententiam,
698 1605 875 1672 Cumlium
886 1619 1094 1696 potestatem

45 1705 187 1774 desiisse
202 1681 266 1772 sdb
282 1705 436 1775 Claudio
441 1718 478 1774 es
489 1707 637 1788 Nemee,
657 1713 782 1776 mento
791 1707 960 1780 refutant.
1001 1709 1092 1776 Nam

44 1803 184 1874 Tacitus
205 1806 443 1872 tantummodo
464 1807 507 1874 de
519 1807 691 1874 Aedilium
708 1816 888 1900 petenatis
905 1816 1091 1878 coercitio·-

45 1929 98 1987 ne,
126 1925 329 1978 necantem
347 1931 466 1984 eorum
492 1908 592 2000 plana
618 1911 821 2000 abolitione,
853 1914 917 1995 sub
937 1911 1089 1982 Neronis

43 2013 190 2098 imperio
206 2014 312 2091 facta,
333 2013 487 2100 loquutur
503 2015 576 2100 ιοο);
604 2015 667 2082 sed
687 2015 816 2086 diserte
829 2013 893 2082 hac
907 2021 1088 2083 occasione

46 2113 223 2183 Curulium
244 2128 280 2183 et
298 2116 511 2183 Plebeiorum
533 2117 739 2184 discriminis
758 2122 967 2184 mentionem
990 2117 1087 2196 lacit,

45 2230 137 2302 atque
163 2233 239 2286 tum
265 2221 446 2308 temporis
456 2237 543 2284 nova
568 2217 642 2308 lege
668 2229 832 2286 statutum
860 2239 936 2286 esse
955 2229 1085 2300 narrat,

45 2335 225 2404 „quantum
241 2317 406 2400 Curules,
426 2333 588 2408 quantum
606 2319 721 2389 Plebei
738 2325 893 2414 pignoris
910 2329 1085 2412 caperent,

45 2423 90 2489 vel
103 2448 237 2516 poenae
248 2431 450 2514 irrogarent
453 2431 472 2464 ’⁹

114 2549 241 2635 Neque
255 2554 368 2616 minus
382 2571 426 2618 ex
439 2551 720 2639 inscriptionibus
737 2553 887 2643 antiquis
902 2553 1084 2639 cognosci·

45 2659 109 2732 tur,
128 2651 268 2720 Aediles
276 2648 427 2720 Gurules
442 2665 538 2720 certo
551 2670 620 2744 per
635 2656 821 2722 secundum
834 2656 1084 2749 imperatorum
1205 2709 1212 2716 .

47 2755 198 2834 seculum,
221 2766 255 2820 et
269 2755 361 2842 quod
377 2756 513 2840 quidem
528 2761 635 2844 magis
651 2761 882 2848 suspicamur,
902 2779 1003 2846 quam
1018 2779 1082 2822 au-

49 2865 193 2926 ctoritate
217 2847 420 2929 immutabili
439 2857 521 2929 freti
542 2861 705 2940 dicimus,
740 2882 847 2946 usque
872 2861 916 2928 ad
935 2865 1079 2928 tertium

47 2977 234 3044 peractum„
273 2962 329 3032 vel
344 2965 405 3042 ,ad
423 2985 577 3052 magnam
597 2969 882 3054 permutationem
904 2970 1080 3037 exstitisse

50 3055 356 3144 administremus,
385 3063 630 3130 aliiocletiano
651 3078 752 3150 atque
773 3063 999 3134 Constantino
1019 3069 1080 3132 in-

49 3169 180 3234 stitutae.
238 3167 297 3234 Sic'
321 3171 411 3234 eninr
433 3179 514 3256 post
538 3166 673 3234 Claudii
698 3156 908 3256 temporaP
931 3167 1078 3236 Martius

48 3265 213 3384 Philippus
231 3269 417 3356 Aedilicius
439 3267 576 3336 Curulis
602 3273 800 3334 nominatur
816 3268 884 3354 ¹0¹),
922 3273 980 3354 qui
1001 3272 1078 3358 ipse

50 3343 204 3456 Quaestor
230 3376 272 3438 ab
302 3377 432 3438 aerario
455 3371 582 3451 fuerat,
612 3371 780 3460 dignitate
806 3375 910 3458 igilur
936 3383 1077 3438 ornatus

50 3493 124 3561 erat,
152 3499 253 3568 quam
271 3462 432 3544 Claudius
453 3481 631 3543 universae
653 3474 842 3543 tabularum
863 3473 1077 3566 publicarum

50 3655 262 3682 ιι-ἰ-ίι--ι-ι-

103 3775 153 3848 99)
173 3768 369 3827 Adiisineec.
385 3767 514 3824 histor.¹
504 3786 562 3824 rur.
575 3769 695 3826 locreir,
812 3796 815 3804 .

106 3877 493 3952 roc2Annal.1111.c·18,
553 3923 556 3932 2
608 3845 642 3908 ⁵·
672 3897 677 3904 ·

5 3965 6 4046 l
108 3988 172 4056 ror>
188 3983 309 4040 Gruter
329 3983 609 4056 Corp.1nscr...prg
626 3992 687 4054 457.
706 4000 752 4052 ιιι.
768 4002 800 4052 ι,
836 3951 859 4029 ”,
913 4055 927 4090 ι
984 4037 987 4046 ,
