2624 4710
288 120 293 130 ’
406 137 509 204 mn.
531 139 557 206 ι.
609 137 716 208 car.
736 135 794 210 ιιι.
1028 151 1032 161 ’
1078 143 1122 206 ιι

55 311 152 376 urbe
178 328 279 378 curas
300 313 439 400 gerebat
452 315 528 400 ¹⁰⁹),
558 317 610 382 uti
635 337 753 384 ornnes
771 313 1024 406 lexicographi,
1057 319 1118 402 qui

14 457 16 462 -
55 433 188 477 eorum
214 417 424 482 mentionem
444 419 691 482 accuratiorem
713 413 844 484 faciunt
858 417 929 505 ²¹⁷),
967 435 1117 484 consen-

55 522 191 582 tientes
215 517 387 600 referunt,
416 534 493 602 aut,
507 521 613 608 ·quod
626 543 697 588 non
716 526 842 590 invitus
856 523 1027 604 concedo,
1048 545 1116 612 po-

58 624 233 686 steriores
268 643 314 688 ex
354 623 625 714 Harpocratione
661 637 830 715 repetunt.
890 623 960 692 Sed
993 621 1144 694 meur..

59 727 130 798 sius
145 724 207 810 ²¹¹)
224 727 262 788 in
281 729 465 792 notissimo
484 745 547 792 suo
568 725 769 794 emendandi
787 730 937 816 impetu,
964 729 1042 812 quia
1056 725 1114 790 Pi-
1140 799 1145 808 Ι

57 849 182 894 raeum
206 850 285 896 curn
299 827 495 920 Monychiis
519 831 550 898 el
568 828 739 902 adiunctis
759 831 894 898 tertiam
907 825 1113 896 Athenarum
1129 863 1134 882 ι

59 949 200 1021 partem
211 933 335 1002 fecisse
349 933 609 1016 demonstravit,
629 935 923 1024 Agoranomorum
935 956 1113 1014 numerum

60 1035 197 1126 duplici
214 1035 319 1102 modo
341 1041 510 1119 correxit,
538 1059 661 1128 nempe
679 1059 797 1106 eorum
811 1057 976 1108 summam
997 1037 1112 1126 dupli.-

61 1161 140 1206 cans
168 1143 293 1230 viginti
314 1135 393 1229 (ae')‘
408 1161 473 1232 pro
492 1141 612 1228 decem
640 1135 702 1228 (ι’)
722 1140 851 1232 legere,
886 1153 960 1212 tum
986 1163 1030 1208 ex
1057 1140 1111 1208 his

60 1245 260 1331 quindecim
281 1243 445 1326 Athenis,
485 1249 635 1332 quinque
658 1245 778 1312 Piraeo
807 1243 999 1336 praefectos
1018 1249 1110 1310 acci-

61 1370 142 1437 pere
183 1351 382 1436 proposuit:
420 1347 543 1414 deinde
576 1367 621 1414 ex
656 1347 773 1414 eadem
802 1351 934 1416 ratione
969 1347 1108 1412 eandem

62 1452 336 1518 emendationem
358 1455 396 1516 in
417 1440 685 1544 Astynomorum
714 1471 859 1518 numero
879 1455 1108 1548 'necessariam

64 1573 132 1618 esse
159 1552 281 1620 voluit.
330 1551 398 1620 Sed
418 1557 482 1622 riri
504 1552 677 1620 festinatio
697 1573 839 1644 prorsus
858 1557 1106 1620 consutionem

65 1656 199 1736 habuit,
240 1655 334 1741 quod
354 1655 492 1722 Piraeus
513 1668 673 1743 tanquam
694 1668 814 1744 portus
834 1653 1107 1741 Athenarumque
1133 1721 1137 1728 ,

67 1764 257 1850 emporium
277 1779 321 1823 ex
344 1755 416 1824 sola
437 1761 631 1824 commercii
652 1759 751 1826 causa
772 1763 900 1826 maiore
919 1755 1106 1824 forensium

66 1859 331 1951 disciplinaeque
362 1857 470 1927 civilis
495 1863 751 1948 magistratuum
780 1879 922 1926 numero
941 1871 1105 1936 uteretur,

67 1987 162 2051 quam
188 1959 359 2044 naturalis
391 1959 511 2054 populi
544 1960 733 2048 frequentia
765 1955 945 2050 efflagitare
978 1973 1105 2050 posset.

14 2087 16 2148 ;
67 2066 196 2151 Quodsi
223 2085 305 2130 vero
328 2061 373 2128 ad
394 2059 592 2150 argumenta
615 2063 658 2128 ad
679 2061 764 2128 hanc
792 2067 1020 2130 coniecturam
1045 2057 1104 2126 fir·-

14 2161 15 2248 ζ
66 2168 183 2234 manda
207 2176 416 2254 spectamus,
448 2161 535 2228 nihil
557 2162 648 2228 aliud
669 2161 842 2232 Meursihs
862 2164 1018 2254 prolerre
1039 2184 1104 2252 po-

14 2277 15 2280 ’
65 2278 145 2350 tuit,
170 2290 270 2355 quam
289 2267 598 2356 utfiarpocration
617 2268 757 2334 eandem
778 2269 979 2334 divisionem
993 2273 1029 2333 in
1047 2271 1104 2334 Si·

14 2421 16 2446 .
66 2369 281 2462 tophylacum
294 2370 492 2456 magistratu
512 2367 718 2455 (quindecim
731 2367 885 2449 Athenis,
907 2375 1055 2456 quinque
1067 2373 1103 2434 in

67 2474 191 2559 Piraeo)
220 2483 254 2537 et
276 2467 478 2534 Plutarchus
507 2485 587 2560 post
611 2469 762 2536 Athenas
783 2491 802 2535 a
823 2471 1100 2538 Lacedaemoniis
1193 2555 1196 2562 Δ

14 2587 16 2652 ι
69 2587 271 2678 expugnatas
282 2577 318 2636 in
331 2572 549 2637 instituendis
563 2577 700 2662 triginta
714 2576 789 2638 urbi
803 2575 995 2663 praefectis,
1016 2594 1101 2660 quos

14 2697 16 2760 ι
68 2669 160 2769 vulgo
176 2681 318 2765 triginta
331 2689 493 2766 tyrannos
507 2689 722 2764 nuncupant,
745 2691 880 2765 praeter
894 2699 978 2764 quos
992 2681 1027 2740 in
1042 2677 1101 2740 Pi-

69 2803 140 2846 raeo
164 2774 433 2845 adnumstrando
453 2775 570 2842 decem
592 2775 659 2840 alii
670 2773 950 2865 praeficerentur,
985 2778 1100 2844 trade-

69 2897 146 2949 rent.
200 2879 269 2948 Sed
299 2882 454 2964 quisuam
482 2881 518 2942 in
547 2875 601 2943 his
626 2877 792 2970 exemplis
816 2901 886 2946 non
911 2881 1099 2947 videtrern
1192 2933 1195 2950 ,

72 3027 290 3046 ..n-U

14 3107 16 3172 ξ
130 3105 194 3176 209)
214 3105 391 3172 Harpocrat.
412 3121 435 3160 ι.
462 3097 715 3176 ιοο.Ἅσιιιιιι’μος’
747 3089 1098 3176 ,ΛημοσθένηξιιαιὰΤι-

69 3187 224 3265 μικράιοιις.
254 3188 322 3245 δέκα
342 3189 427 3262 φησὶν
448 3183 518 3245 εἶναι
541 3187 605 3253 τοὺς
625 3185 795 3260 ἇιιιινόμοιις
812 3186 1000 3266 Ἀρισιοιέλης
1018 3193 1048 3246 tr
1064 3191 1099 3266 τῇ

14 3299 16 3342 ι
65 3279 212 3350 Ἀθηναίων
226 3280 369 3353 πολιτείᾳ,
388 3278 683 3350 ιιὲιιιμὶιΙΙειριιιεῖ,
702 3275 968 3337 utvzso'tudum.
990 3273 1099 3344 ιιιῦιοις

70 3369 95 3426 tr·
106 3388 170 3440 φησι
182 3367 276 3438 μέλειν
291 3366 356 3464 raspl
368 3385 397 3419 ra
411 3367 463 3420 τῶν
473 3357 643 3436 αὗληιρὶῦωι
655 3387 701 3420 sut
695 3367 853 3438 ψαλτριῶν
865 3369 912 3420 sul
924 3367 976 3421 τῶν
990 3383 1095 3440 κοπρο-

70 3456 211 3529 λόγωνκαὶ
234 3475 285 3510 ιωι
302 3449 464 3510 zosorrurst’
500 3455 570 3509 Lex.
588 3455 703 3524 Seguer.
721 3455 798 3524 apud
817 3451 907 3515 Bella.
920 3457 944 3515 I
962 3471 1028 3526 pag.
1043 3470 1095 3526 455

73 3556 98 3598 et
108 3547 201 3600 suidas
219 3543 323 3595 eadem
340 3542 426 3606 rerba
437 3541 588 3620 praebent

132 3651 196 3726 ero)
212 3651 288 3702 Nam
310 3646 419 3700 Pollux.
434 3647 469 3702 Χ.
490 3662 555 3714 cup.
569 3661 596 3713 4.
623 3661 686 3716 pag.
704 3654 755 3714 988
775 3647 978 3701 tantummodo
995 3663 1095 3700 rocem

73 3743 103 3793 ab
115 3738 179 3796 ἄιιιι
196 3735 385 3790 derivandam
402 3734 506 3798 ollert,
526 3743 555 3784 et
568 3733 729 3802 Hesychius
744 3735 965 3804 explicationem
979 3735 1095 3790 futilem

73 3830 102 3899 „o'
114 3817 347 3910 διιιιιῶιίιιιιιὰαρ
361 3818 456 3878 ἅιιιυ”
474 3819 633 3889 descripsit.

132 3933 191 4002 ιιι)
208 3933 287 3983 nect.
308 3927 431 3980 Attica
454 3942 519 3996 cap.
538 3942 580 3995 ¹9·
