2590 4718
180 213 183 221 '
233 256 261 318 a
597 257 693 328 ιιι.
713 243 757 326 ι..Χ
788 263 894 331 car.
914 265 938 328 1.
968 297 974 316 ‹

244 425 381 516 g'otiari,
408 447 485 501 ante
506 438 625 506 domos
646 443 737 506 varia
752 443 885 528 opificia
898 421 1060 506 exercere
1073 423 1285 520 maximaque

246 549 290 594 ex
312 545 408 620 parte
430 535 684 609 oblectamentis
711 555 811 628 atque
832 546 1042 610 recreatione
1071 539 1172 606 frtri
1161 561 1199 604 ιιι
1220 561 1285 627 pu·-

244 631 345 700 blico.
396 639 521 726 ltaque
550 648 697 731 primum
727 645 877 720 officium
904 648 996 710 bono
1004 630 1179 744 rpgimini
1201 659 1285 730 opus

247 733 331 816 fnit,
364 741 583 828 publicam
604 751 889 814 securitatem
914 752 956 812 in
983 750 1065 813 viis
1088 744 1285 828 forisque

196 889 199 898 ,
246 845 372 906 tueri
399 855 527 929 atque
567 849 828 917 con'servare.
882 848 1059 922 Praeterea
1094 845 1132 912 hl
1168 843 1285 934 POPuE

7 983 11 991 -
106 1005 162 1021 ,ἵ
247 953 341 1006 oram
354 949 556 1013 marrtrmam
568 947 800 1030 rncoluernnt,
821 954 1065 1044 ergoaprimas
1078 945 1285 1037 temperabo

249 1043 291 1108 ad
307 1059 494 1116 mercatum
510 1053 754 1132 incubuerunt,
775 1073 877 1140 quare
893 1071 992 1138 quam
1008 1055 1157 1140 primum
1178 1071 1285 1116 rner-

164 1187 166 1193 2
251 1157 365 1218 cetui
399 1165 525 1244 atque
558 1155 679 1254 iusto
710 1145 1001 1226 mensurarum
1033 1155 1160 1224 modo
1188 1152 1286 1242 prae«

137 1294 140 1302 ,
249 1251 330 1320 fecti
347 1235 606 1324 instituerentur
624 1279 763 1326 necesse
784 1259 859 1326 fuit.
915 1258 1068 1325 Tandem
1091 1259 1134 1324 ob
1153 1275 1286 1346 perman*

187 1423 190 1428 ,
217 1431 220 1440 ¹
249 1375 352 1442 gnum
373 1355 455 1424 solis
474 1358 630 1426 ardorem
653 1373 818 1426 etrterrae
838 1364 1024 1426 siccitatem
1039 1377 1173 1441 annone
1185 1363 1223 1422 in
1238 1353 1286 1442 hil

249 1463 445 1547 regionibus
458 1461 616 1554 persaepe
629 1464 716 1531 male
730 1467 904 1554 provenit,
931 1473 978 1530 ita
996 1475 1035 1529 ut
1052 1469 1110 1532 vix
1122 1464 1286 1532 secundus

198 1645 203 1653 Ι
251 1581 358 1630 annus
370 1563 570 1644 mediocris,
589 1569 710 1634 tertius
722 1579 813 1634 certe
828 1563 970 1644 sterilis,
991 1565 1142 1632 decimus
1154 1563 1286 1630 demum

248 1667 330 1730 boni
344 1685 468 1732 nomen
481 1681 660 1746 mereatur,
679 1668 769 1734 unde
783 1666 1052 1754 frequentissime
1065 1685 1219 1731 annonae
1233 1685 1286 1729 ca-

73 1755 76 1771 ’
184 1823 190 1836 ,
249 1775 350 1836 ritate
362 1770 575 1835 terrebantur
589 1767 727 1856 populi,
748 1782 848 1854 atque
863 1772 1046 1835 necessitas
1059 1771 1132 1856 ipsa
1147 1769 1286 1834 civitatis

145 1853 152 1866 ’
167 1935 171 1953 ,
251 1868 576 1937 administrationem
597 1875 705 1959 coegit
723 1871 935 1937 frumentum
949 1893 967 1938 e
982 1871 1169 1960 longinquo
1182 1869 1286 1933 addu-

219 1987 229 2010 ·
253 1995 340 2053 cere,
355 1975 390 2039 in
402 1971 535 2040 horreis
552 1974 697 2062 publicis
711 1995 881 2043 asservare
894 1971 995 2062 atque
1009 1978 1117 2042 admi
1126 1980 1286 2042 nistros

251 2077 429 2144 instituere
455 2075 674 2165 publicos,
705 2093 751 2145 ut
771 2097 846 2177 per
867 2099 940 2146 eos
959 2081 1219 2146 frumentum
1241 2079 1286 2144 fa-

252 2179 315 2244 mis
329 2191 480 2267 tempore
502 2178 631 2266 populo
644 2177 696 2245 vel
708 2183 820 2268 pretio
835 2185 966 2246 minore
983 2185 1170 2248 constituto
1189 2201 1286 2248 ven-

58 2349 60 2360 ,
160 2293 203 2316 ‘¹'
231 2275 448 2360 deretur,
465 2280 672 2370 vel'gratis
695 2283 1018 2372 divideremus:
1039 2307 1108 2372 qno
1123 2307 1201 2350 cnm
1213 2307 1286 2370 ruu-

251 2407 333 2453 nere
352 2385 498 2482 secunda
510 2405 624 2452 rerum
639 2386 805 2452 venalium
821 2403 854 2454 et
866 2403 1074 2456 mercaturae
1091 2411 1186 2470 caca,
1208 2401 1287 2476 quat

254 2503 287 2556 et
307 2477 422 2554 rerum
442 2491 706 2581 necessariarum
728 2492 981 2566 subvectionem
1002 2513 1021 2559 e
1040 2497 1209 2560 vicinitate
1231 2517 1287 2559 cua

254 2587 376 2675 stodit,
398 2595 585 2658 arctissime
602 2589 760 2660 cohaeret
774 2591 807 2678 ⁵).
1108 2590 1112 2606 ’

338 2691 568 2758 Veruntamen
596 2692 638 2758 de
656 2690 811 2780 plurimis
838 2693 892 2766 his
918 2695 1054 2784 populis
1081 2719 1124 2762 ex
1145 2697 1287 2762 fontium

253 2801 369 2885 inopia
388 2795 522 2864 nitnist
543 2797 680 2862 brevem
697 2809 914 2862 externarum
933 2798 1047 2865 rerum
1061 2789 1287 2865 adumbratio«

177 2945 188 2970 ,
254 2920 332 2964 nem
349 2902 484 2975 scimus,
505 2901 673 2963 internam
686 2920 767 2964 vero
787 2897 1114 2975 administrationem
1127 2917 1225 2990 atque
1239 2906 1287 2967 vi·

256 3012 325 3064 tam
339 2997 472 3066 civilem
488 2996 538 3065 nel
553 2999 652 3087 plane
669 3003 883 3087 ignoramus,
904 2999 958 3069 vel
976 3007 1124 3070 maxima
1136 3005 1287 3069 materiae

156 3117 164 3122 ·
255 3103 395 3188 penuria
409 3101 518 3188 prima
532 3101 606 3174 eius
617 3099 819 3194 lineamenta
833 3099 1014 3176 collatione
1028 3104 1215 3188 divinamus
1227 3125 1287 3190 pe-

167 3249 175 3264 t
258 3243 486 3262 0-

328 3340 358 3405 4)
375 3335 468 3390 Ηιιιιιι
487 3336 532 3390 rei
552 3336 727 3391 documento
746 3304 901 3409 percurras
920 3341 1008 3394 modo
1021 3341 1167 3413 exempla,
1187 3357 1287 3412 queen

182 3447 190 3454 ·
257 3423 360 3479 iacobi
383 3425 567 3496 patriarchae
591 3435 799 3497 aetatemque
826 3426 864 3480 ad
885 3429 1005 3498 ruinam
1022 3429 1287 3510 imperiipitomani,

258 3512 475 3580 Hebraeorum,
501 3515 681 3569 Graecorum
697 3518 956 3586 Romanorumque
981 3517 1136 3574 historiae·
1144 3519 1287 3588 praebent,

260 3606 420 3676 eademqne
435 3608 598 3676 Paparum‘,
622 3607 705 3676 regni
720 3605 886 3670 Siciliamna
900 3617 989 3678 atque
1003 3609 1287 3680 rerumpublicarum

259 3693 363 3748 inatile
376 3693 501 3746 recentia
516 3703 571 3752 etc.
591 3694 709 3746 annales
722 3702 869 3751 anement.

329 3797 363 3870 5)
372 3799 490 3878 Quae'
482 3817 513 3852 ιιι
537 3801 709 3872 antiquitate
722 3801 758 3853 de
773 3799 945 3856 necessariis
960 3803 1129 3864 incivitate
1141 3813 1287 3882 magistra·

259 3885 337 3938 tibur
355 3879 557 3956 cogitaverunt
569 3887 625 3940 viri
636 3887 767 3958 politici,
787 3899 1002 3958 cognoscuntur
1015 3891 1047 3972 in
1060 3895 1173 3951 Platon.
1189 3898 1222 3948 de
1234 3899 1287 3969 leg.

238 3963 1287 4044 hbV1,edit.Stephan.11.pag.758-fioatanbnatotel.Potitio.

54 4065 60 4072 ‘
149 4045 152 4053 s
262 4034 399 4115 vimen
