<?xml version="1.0" encoding="UTF-8"?>
<!DOCTYPE html PUBLIC "-//W3C//DTD XHTML 1.0 Transitional//EN"
    "http://www.w3.org/TR/xhtml1/DTD/xhtml1-transitional.dtd">
<html xmlns="http://www.w3.org/1999/xhtml" xml:lang="en" lang="en">
 <head>
  <title>
</title>
<meta http-equiv="Content-Type" content="text/html;charset=utf-8" />
  <meta name='ocr-system' content='tesseract 3.04.00' />
  <meta name='ocr-capabilities' content='ocr_page ocr_carea ocr_par ocr_line ocrx_word'/>
</head>
<body>
  <div class='ocr_page' id='page_1' title='image "./deromanorumaedi00schugoog_0112.png"; bbox 0 0 2624 4710; ppageno 0'>
   <div class='ocr_carea' id='block_1_1' title="bbox 400 143 1115 216">
    <p class='ocr_par' dir='ltr' id='par_1_1' title="bbox 400 143 1115 216">
     <span class='ocr_line' id='line_1_1' title="bbox 400 143 1115 216; baseline 0.006 -6"><span class='ocrx_word' id='word_1_1' title='bbox 400 144 502 212; x_wconf 82' lang='lat' dir='ltr'><strong>Llli.</strong></span> <span class='ocrx_word' id='word_1_2' title='bbox 525 145 551 214; x_wconf 87' lang='grc' dir='ltr'><strong>λ.</strong></span> <span class='ocrx_word' id='word_1_3' title='bbox 603 145 710 216; x_wconf 81' lang='lat' dir='ltr'><strong>CAP.</strong></span> <span class='ocrx_word' id='word_1_4' title='bbox 730 143 788 216; x_wconf 88' lang='grc' dir='ltr'><strong>ΙΙΙ.</strong></span> <span class='ocrx_word' id='word_1_5' title='bbox 1021 159 1026 168; x_wconf 94' lang='grc'><strong>’</strong></span> <span class='ocrx_word' id='word_1_6' title='bbox 1072 150 1115 214; x_wconf 78' lang='lat' dir='ltr'><strong>st</strong></span> 
     </span>
    </p>
   </div>
   <div class='ocr_carea' id='block_1_2' title="bbox 8 317 1189 3628">
    <p class='ocr_par' dir='ltr' id='par_1_2' title="bbox 48 317 1111 414">
     <span class='ocr_line' id='line_1_2' title="bbox 48 317 1111 414; baseline 0.006 -32"><span class='ocrx_word' id='word_1_7' title='bbox 48 317 145 384; x_wconf 89' lang='lat' dir='ltr'><strong>urbe</strong></span> <span class='ocrx_word' id='word_1_8' title='bbox 171 335 274 384; x_wconf 84' lang='lat' dir='ltr'><strong>curas</strong></span> <span class='ocrx_word' id='word_1_9' title='bbox 294 321 433 407; x_wconf 78' lang='lat' dir='ltr'>gerebat</span> <span class='ocrx_word' id='word_1_10' title='bbox 446 322 522 407; x_wconf 76' lang='lat'>²⁰⁹),</span> <span class='ocrx_word' id='word_1_11' title='bbox 552 325 604 388; x_wconf 89' lang='lat' dir='ltr'><strong>uti</strong></span> <span class='ocrx_word' id='word_1_12' title='bbox 629 343 747 390; x_wconf 87' lang='lat' dir='ltr'><strong>omnes</strong></span> <span class='ocrx_word' id='word_1_13' title='bbox 765 319 1017 414; x_wconf 81' lang='lat' dir='ltr'><strong>lexicographi,</strong></span> <span class='ocrx_word' id='word_1_14' title='bbox 1051 327 1111 410; x_wconf 85' lang='lat' dir='ltr'><strong>qui</strong></span> 
     </span>
    </p>

    <p class='ocr_par' dir='ltr' id='par_1_3' title="bbox 8 421 1138 1957">
     <span class='ocr_line' id='line_1_3' title="bbox 8 421 1111 512; baseline 0.008 -29"><span class='ocrx_word' id='word_1_15' title='bbox 8 463 10 468; x_wconf 90' lang='lat'>-</span> <span class='ocrx_word' id='word_1_16' title='bbox 48 439 181 484; x_wconf 84' lang='lat' dir='ltr'><strong>eorum</strong></span> <span class='ocrx_word' id='word_1_17' title='bbox 208 423 418 489; x_wconf 82' lang='lat' dir='ltr'><strong>mentionem</strong></span> <span class='ocrx_word' id='word_1_18' title='bbox 439 425 685 490; x_wconf 80' lang='lat' dir='ltr'><strong>accuratiorem</strong></span> <span class='ocrx_word' id='word_1_19' title='bbox 707 421 838 492; x_wconf 83' lang='lat' dir='ltr'><strong>faciunt</strong></span> <span class='ocrx_word' id='word_1_20' title='bbox 852 424 923 512; x_wconf 68' lang='lat'><strong>²¹⁹),</strong></span> <span class='ocrx_word' id='word_1_21' title='bbox 961 443 1111 494; x_wconf 89' lang='lat' dir='ltr'><strong>consen-</strong></span> 
     </span>
     <span class='ocr_line' id='line_1_4' title="bbox 48 524 1109 620; baseline 0.008 -32"><span class='ocrx_word' id='word_1_22' title='bbox 48 528 185 590; x_wconf 76' lang='lat' dir='ltr'><strong>tientes</strong></span> <span class='ocrx_word' id='word_1_23' title='bbox 208 524 381 608; x_wconf 83' lang='lat' dir='ltr'><strong>referunt,</strong></span> <span class='ocrx_word' id='word_1_24' title='bbox 410 541 486 608; x_wconf 85' lang='lat' dir='ltr'><strong>aut,</strong></span> <span class='ocrx_word' id='word_1_25' title='bbox 501 529 607 614; x_wconf 84' lang='lat' dir='ltr'><strong>-quod</strong></span> <span class='ocrx_word' id='word_1_26' title='bbox 619 551 691 596; x_wconf 91' lang='lat' dir='ltr'><strong>non</strong></span> <span class='ocrx_word' id='word_1_27' title='bbox 709 533 836 598; x_wconf 82' lang='lat' dir='ltr'><strong>invitus</strong></span> <span class='ocrx_word' id='word_1_28' title='bbox 850 531 1020 611; x_wconf 83' lang='lat' dir='ltr'><strong>concedo,</strong></span> <span class='ocrx_word' id='word_1_29' title='bbox 1042 553 1109 620; x_wconf 87' lang='lat' dir='ltr'><strong>po·</strong></span> 
     </span>
     <span class='ocr_line' id='line_1_5' title="bbox 51 629 1138 722; baseline 0.007 -32"><span class='ocrx_word' id='word_1_30' title='bbox 51 630 227 692; x_wconf 85' lang='lat' dir='ltr'><strong>steriores</strong></span> <span class='ocrx_word' id='word_1_31' title='bbox 262 650 307 696; x_wconf 84' lang='lat' dir='ltr'><strong>ex</strong></span> <span class='ocrx_word' id='word_1_32' title='bbox 348 630 619 720; x_wconf 83' lang='lat' dir='ltr'><strong>Harpocratione</strong></span> <span class='ocrx_word' id='word_1_33' title='bbox 655 643 824 722; x_wconf 77' lang='lat' dir='ltr'><strong>repetunt.</strong></span> <span class='ocrx_word' id='word_1_34' title='bbox 884 630 953 700; x_wconf 85' lang='lat' dir='ltr'><strong>Sed</strong></span> <span class='ocrx_word' id='word_1_35' title='bbox 987 629 1138 700; x_wconf 67' lang='lat' dir='ltr'><strong>Menan</strong></span> 
     </span>
     <span class='ocr_line' id='line_1_6' title="bbox 52 731 1138 824; baseline 0.005 -31"><span class='ocrx_word' id='word_1_36' title='bbox 52 733 123 804; x_wconf 85' lang='lat' dir='ltr'><strong>sius</strong></span> <span class='ocrx_word' id='word_1_37' title='bbox 138 731 199 818; x_wconf 83' lang='lat'><strong>²¹¹)</strong></span> <span class='ocrx_word' id='word_1_38' title='bbox 218 733 256 794; x_wconf 91' lang='lat' dir='ltr'><strong>in</strong></span> <span class='ocrx_word' id='word_1_39' title='bbox 275 735 458 798; x_wconf 87' lang='lat' dir='ltr'><strong>notissimo</strong></span> <span class='ocrx_word' id='word_1_40' title='bbox 478 752 541 800; x_wconf 89' lang='lat' dir='ltr'><strong>suo</strong></span> <span class='ocrx_word' id='word_1_41' title='bbox 562 733 762 802; x_wconf 87' lang='lat' dir='ltr'><strong>emendandi</strong></span> <span class='ocrx_word' id='word_1_42' title='bbox 781 737 930 824; x_wconf 89' lang='lat' dir='ltr'><strong>impetu,</strong></span> <span class='ocrx_word' id='word_1_43' title='bbox 958 736 1035 820; x_wconf 86' lang='lat' dir='ltr'><strong>quia</strong></span> <span class='ocrx_word' id='word_1_44' title='bbox 1050 732 1108 798; x_wconf 88' lang='lat' dir='ltr'><strong>Pi·</strong></span> <span class='ocrx_word' id='word_1_45' title='bbox 1134 807 1138 815; x_wconf 29' lang='lat'><strong>¹</strong></span> 
     </span>
     <span class='ocr_line' id='line_1_7' title="bbox 50 833 1128 928; baseline -0.002 -26"><span class='ocrx_word' id='word_1_46' title='bbox 50 855 174 902; x_wconf 87' lang='lat' dir='ltr'><strong>raeurn</strong></span> <span class='ocrx_word' id='word_1_47' title='bbox 199 855 279 902; x_wconf 87' lang='lat' dir='ltr'><strong>curn</strong></span> <span class='ocrx_word' id='word_1_48' title='bbox 293 833 489 928; x_wconf 79' lang='lat' dir='ltr'><strong>Munychiis</strong></span> <span class='ocrx_word' id='word_1_49' title='bbox 512 839 544 904; x_wconf 91' lang='lat' dir='ltr'><strong>ei</strong></span> <span class='ocrx_word' id='word_1_50' title='bbox 562 835 732 908; x_wconf 84' lang='lat' dir='ltr'><strong>adiunctis</strong></span> <span class='ocrx_word' id='word_1_51' title='bbox 752 839 888 906; x_wconf 83' lang='lat' dir='ltr'><strong>tertiam</strong></span> <span class='ocrx_word' id='word_1_52' title='bbox 901 833 1128 904; x_wconf 71' lang='lat' dir='ltr'><strong>Athenarum</strong></span> 
     </span>
     <span class='ocr_line' id='line_1_8' title="bbox 52 939 1106 1032; baseline 0.004 -26"><span class='ocrx_word' id='word_1_53' title='bbox 52 955 193 1027; x_wconf 85' lang='lat' dir='ltr'><strong>partem</strong></span> <span class='ocrx_word' id='word_1_54' title='bbox 204 939 329 1008; x_wconf 78' lang='lat' dir='ltr'><strong>iecisse</strong></span> <span class='ocrx_word' id='word_1_55' title='bbox 342 940 602 1023; x_wconf 87' lang='lat' dir='ltr'><strong>demonstravit,</strong></span> <span class='ocrx_word' id='word_1_56' title='bbox 623 942 916 1032; x_wconf 78' lang='lat' dir='ltr'><strong>Agoranomorum</strong></span> <span class='ocrx_word' id='word_1_57' title='bbox 928 963 1106 1022; x_wconf 81' lang='lat' dir='ltr'><strong>numerum</strong></span> 
     </span>
     <span class='ocr_line' id='line_1_9' title="bbox 52 1041 1105 1136; baseline 0.004 -30"><span class='ocrx_word' id='word_1_58' title='bbox 52 1041 190 1132; x_wconf 78' lang='lat' dir='ltr'>duplici</span> <span class='ocrx_word' id='word_1_59' title='bbox 208 1043 312 1108; x_wconf 91' lang='lat' dir='ltr'><strong>modo</strong></span> <span class='ocrx_word' id='word_1_60' title='bbox 334 1047 504 1126; x_wconf 77' lang='lat' dir='ltr'><strong>correxit,</strong></span> <span class='ocrx_word' id='word_1_61' title='bbox 531 1066 654 1136; x_wconf 83' lang='lat' dir='ltr'>nempe</span> <span class='ocrx_word' id='word_1_62' title='bbox 673 1067 791 1112; x_wconf 89' lang='lat' dir='ltr'><strong>eorum</strong></span> <span class='ocrx_word' id='word_1_63' title='bbox 805 1065 969 1116; x_wconf 84' lang='lat' dir='ltr'><strong>summanr</strong></span> <span class='ocrx_word' id='word_1_64' title='bbox 990 1045 1105 1134; x_wconf 88' lang='lat' dir='ltr'><strong>dupli.-</strong></span> 
     </span>
     <span class='ocr_line' id='line_1_10' title="bbox 54 1141 1105 1240; baseline 0.006 -30"><span class='ocrx_word' id='word_1_65' title='bbox 54 1167 133 1212; x_wconf 77' lang='lat' dir='ltr'><strong>mns</strong></span> <span class='ocrx_word' id='word_1_66' title='bbox 160 1150 287 1236; x_wconf 79' lang='lat' dir='ltr'><strong>viginti</strong></span> <span class='ocrx_word' id='word_1_67' title='bbox 307 1141 386 1236; x_wconf 77' lang='lat' dir='ltr'><strong>(s&#39;)&#39;</strong></span> <span class='ocrx_word' id='word_1_68' title='bbox 401 1169 466 1238; x_wconf 91' lang='lat' dir='ltr'><strong>pro</strong></span> <span class='ocrx_word' id='word_1_69' title='bbox 485 1149 605 1216; x_wconf 89' lang='lat' dir='ltr'><strong>decem</strong></span> <span class='ocrx_word' id='word_1_70' title='bbox 633 1141 696 1236; x_wconf 88' lang='grc' dir='ltr'>(ι’)</span> <span class='ocrx_word' id='word_1_71' title='bbox 716 1148 845 1240; x_wconf 87' lang='lat' dir='ltr'><strong>legere,</strong></span> <span class='ocrx_word' id='word_1_72' title='bbox 880 1161 954 1218; x_wconf 86' lang='lat' dir='ltr'><strong>tum</strong></span> <span class='ocrx_word' id='word_1_73' title='bbox 979 1171 1024 1216; x_wconf 83' lang='lat' dir='ltr'><strong>ex</strong></span> <span class='ocrx_word' id='word_1_74' title='bbox 1050 1148 1105 1216; x_wconf 86' lang='lat' dir='ltr'><strong>his</strong></span> 
     </span>
     <span class='ocr_line' id='line_1_11' title="bbox 53 1249 1103 1344; baseline 0.002 -28"><span class='ocrx_word' id='word_1_75' title='bbox 53 1252 254 1337; x_wconf 88' lang='lat' dir='ltr'><strong>quindecim</strong></span> <span class='ocrx_word' id='word_1_76' title='bbox 274 1249 439 1334; x_wconf 80' lang='lat' dir='ltr'><strong>Athenis,</strong></span> <span class='ocrx_word' id='word_1_77' title='bbox 479 1255 629 1340; x_wconf 77' lang='lat' dir='ltr'><strong>quinque</strong></span> <span class='ocrx_word' id='word_1_78' title='bbox 652 1253 771 1320; x_wconf 78' lang='lat' dir='ltr'><strong>Piraeo</strong></span> <span class='ocrx_word' id='word_1_79' title='bbox 800 1251 992 1344; x_wconf 82' lang='lat' dir='ltr'><strong>praefectos</strong></span> <span class='ocrx_word' id='word_1_80' title='bbox 1011 1257 1103 1318; x_wconf 88' lang='lat' dir='ltr'><strong>acei-</strong></span> 
     </span>
     <span class='ocr_line' id='line_1_12' title="bbox 54 1353 1101 1444; baseline 0.001 -25"><span class='ocrx_word' id='word_1_81' title='bbox 54 1377 134 1444; x_wconf 87' lang='lat' dir='ltr'><strong>pere</strong></span> <span class='ocrx_word' id='word_1_82' title='bbox 176 1357 376 1444; x_wconf 79' lang='lat' dir='ltr'><strong>proposuit:</strong></span> <span class='ocrx_word' id='word_1_83' title='bbox 413 1355 536 1422; x_wconf 88' lang='lat' dir='ltr'><strong>deinde</strong></span> <span class='ocrx_word' id='word_1_84' title='bbox 569 1375 614 1422; x_wconf 85' lang='lat' dir='ltr'><strong>ex</strong></span> <span class='ocrx_word' id='word_1_85' title='bbox 649 1353 766 1421; x_wconf 90' lang='lat' dir='ltr'><strong>eadem</strong></span> <span class='ocrx_word' id='word_1_86' title='bbox 796 1359 927 1424; x_wconf 89' lang='lat' dir='ltr'><strong>ratione</strong></span> <span class='ocrx_word' id='word_1_87' title='bbox 962 1355 1101 1420; x_wconf 88' lang='lat' dir='ltr'><strong>eandem</strong></span> 
     </span>
     <span class='ocr_line' id='line_1_13' title="bbox 56 1446 1100 1551; baseline 0 -27"><span class='ocrx_word' id='word_1_88' title='bbox 56 1459 329 1526; x_wconf 80' lang='lat' dir='ltr'><strong>emendationem</strong></span> <span class='ocrx_word' id='word_1_89' title='bbox 352 1461 390 1524; x_wconf 92' lang='lat' dir='ltr'><strong>in</strong></span> <span class='ocrx_word' id='word_1_90' title='bbox 410 1446 678 1551; x_wconf 77' lang='lat' dir='ltr'><strong>Astynomomm</strong></span> <span class='ocrx_word' id='word_1_91' title='bbox 708 1479 852 1524; x_wconf 87' lang='lat' dir='ltr'><strong>numero</strong></span> <span class='ocrx_word' id='word_1_92' title='bbox 872 1463 1100 1526; x_wconf 79' lang='lat' dir='ltr'><strong>&#39;necessariam</strong></span> 
     </span>
     <span class='ocr_line' id='line_1_14' title="bbox 57 1559 1100 1651; baseline 0.002 -27"><span class='ocrx_word' id='word_1_93' title='bbox 57 1579 125 1625; x_wconf 87' lang='lat' dir='ltr'><strong>esse</strong></span> <span class='ocrx_word' id='word_1_94' title='bbox 151 1559 275 1627; x_wconf 79' lang='lat' dir='ltr'><strong>voluit.</strong></span> <span class='ocrx_word' id='word_1_95' title='bbox 323 1559 392 1626; x_wconf 88' lang='lat' dir='ltr'><strong>Sed</strong></span> <span class='ocrx_word' id='word_1_96' title='bbox 412 1564 475 1628; x_wconf 84' lang='lat' dir='ltr'><strong>riri</strong></span> <span class='ocrx_word' id='word_1_97' title='bbox 497 1559 670 1628; x_wconf 76' lang='lat' dir='ltr'><strong>festinatio</strong></span> <span class='ocrx_word' id='word_1_98' title='bbox 691 1579 833 1651; x_wconf 88' lang='lat' dir='ltr'><strong>prorsus</strong></span> <span class='ocrx_word' id='word_1_99' title='bbox 851 1579 921 1628; x_wconf 88' lang='lat' dir='ltr'><strong>non</strong></span> <span class='ocrx_word' id='word_1_100' title='bbox 935 1565 1100 1626; x_wconf 86' lang='lat' dir='ltr'><strong>rationem</strong></span> 
     </span>
     <span class='ocr_line' id='line_1_15' title="bbox 58 1661 1100 1754; baseline 0 -26"><span class='ocrx_word' id='word_1_101' title='bbox 58 1662 191 1742; x_wconf 86' lang='lat' dir='ltr'><strong>habuit,</strong></span> <span class='ocrx_word' id='word_1_102' title='bbox 233 1661 327 1748; x_wconf 90' lang='lat' dir='ltr'><strong>quod</strong></span> <span class='ocrx_word' id='word_1_103' title='bbox 347 1662 485 1730; x_wconf 85' lang='lat' dir='ltr'><strong>Piraeus</strong></span> <span class='ocrx_word' id='word_1_104' title='bbox 506 1675 666 1750; x_wconf 87' lang='lat' dir='ltr'><strong>tanquam</strong></span> <span class='ocrx_word' id='word_1_105' title='bbox 687 1675 807 1754; x_wconf 90' lang='lat' dir='ltr'><strong>portus</strong></span> <span class='ocrx_word' id='word_1_106' title='bbox 827 1661 1100 1749; x_wconf 83' lang='lat' dir='ltr'><strong>Athenarumque</strong></span> 
     </span>
     <span class='ocr_line' id='line_1_16' title="bbox 59 1762 1100 1856; baseline -0.004 -24"><span class='ocrx_word' id='word_1_107' title='bbox 59 1771 250 1856; x_wconf 85' lang='lat' dir='ltr'><strong>emporium</strong></span> <span class='ocrx_word' id='word_1_108' title='bbox 270 1785 314 1830; x_wconf 85' lang='lat' dir='ltr'><strong>ex</strong></span> <span class='ocrx_word' id='word_1_109' title='bbox 337 1762 410 1830; x_wconf 90' lang='lat' dir='ltr'><strong>sola</strong></span> <span class='ocrx_word' id='word_1_110' title='bbox 430 1768 624 1832; x_wconf 88' lang='lat' dir='ltr'><strong>commercii</strong></span> <span class='ocrx_word' id='word_1_111' title='bbox 646 1765 744 1834; x_wconf 84' lang='lat' dir='ltr'><strong>causa</strong></span> <span class='ocrx_word' id='word_1_112' title='bbox 766 1771 893 1832; x_wconf 87' lang='lat' dir='ltr'><strong>maiore</strong></span> <span class='ocrx_word' id='word_1_113' title='bbox 912 1763 1100 1832; x_wconf 81' lang='lat' dir='ltr'><strong>forensium</strong></span> 
     </span>
     <span class='ocr_line' id='line_1_17' title="bbox 59 1863 1098 1957; baseline -0.002 -25"><span class='ocrx_word' id='word_1_114' title='bbox 59 1866 325 1957; x_wconf 85' lang='lat' dir='ltr'><strong>disciplinaeque</strong></span> <span class='ocrx_word' id='word_1_115' title='bbox 356 1863 464 1933; x_wconf 85' lang='lat' dir='ltr'><strong>civilis</strong></span> <span class='ocrx_word' id='word_1_116' title='bbox 488 1869 745 1954; x_wconf 83' lang='lat' dir='ltr'><strong>magistratuum</strong></span> <span class='ocrx_word' id='word_1_117' title='bbox 773 1887 916 1934; x_wconf 89' lang='lat' dir='ltr'><strong>numero</strong></span> <span class='ocrx_word' id='word_1_118' title='bbox 934 1878 1098 1945; x_wconf 87' lang='lat' dir='ltr'><strong>uteretur,</strong></span> 
     </span>
    </p>

    <p class='ocr_par' dir='ltr' id='par_1_4' title="bbox 8 1963 1098 2060">
     <span class='ocr_line' id='line_1_18' title="bbox 8 1963 1098 2060; baseline -0.003 -25"><span class='ocrx_word' id='word_1_119' title='bbox 8 1979 10 1986; x_wconf 64' lang='lat'>‘</span> <span class='ocrx_word' id='word_1_120' title='bbox 60 1993 154 2057; x_wconf 87' lang='lat' dir='ltr'><strong>quam</strong></span> <span class='ocrx_word' id='word_1_121' title='bbox 182 1965 352 2050; x_wconf 75' lang='lat' dir='ltr'><strong>naturalis</strong></span> <span class='ocrx_word' id='word_1_122' title='bbox 384 1966 504 2060; x_wconf 90' lang='lat' dir='ltr'><strong>populi</strong></span> <span class='ocrx_word' id='word_1_123' title='bbox 538 1967 726 2058; x_wconf 67' lang='lat' dir='ltr'><strong>frequentia</strong></span> <span class='ocrx_word' id='word_1_124' title='bbox 758 1963 939 2058; x_wconf 84' lang='lat' dir='ltr'><strong>efflagitare</strong></span> <span class='ocrx_word' id='word_1_125' title='bbox 971 1981 1098 2057; x_wconf 87' lang='lat' dir='ltr'><strong>posset.</strong></span> 
     </span>
    </p>

    <p class='ocr_par' dir='ltr' id='par_1_5' title="bbox 8 2065 1097 2158">
     <span class='ocr_line' id='line_1_19' title="bbox 8 2065 1097 2158; baseline -0.004 -20"><span class='ocrx_word' id='word_1_126' title='bbox 8 2089 10 2150; x_wconf 63' lang='grc' dir='ltr'>ς</span> <span class='ocrx_word' id='word_1_127' title='bbox 60 2072 189 2157; x_wconf 78' lang='lat' dir='ltr'><strong>Quodsi</strong></span> <span class='ocrx_word' id='word_1_128' title='bbox 216 2091 298 2137; x_wconf 87' lang='lat' dir='ltr'><strong>vero</strong></span> <span class='ocrx_word' id='word_1_129' title='bbox 322 2067 366 2136; x_wconf 90' lang='lat' dir='ltr'><strong>ad</strong></span> <span class='ocrx_word' id='word_1_130' title='bbox 389 2083 585 2158; x_wconf 85' lang='lat' dir='ltr'><strong>argumenta</strong></span> <span class='ocrx_word' id='word_1_131' title='bbox 609 2068 758 2136; x_wconf 81' lang='lat' dir='ltr'><strong>adhunc</strong></span> <span class='ocrx_word' id='word_1_132' title='bbox 785 2075 1013 2138; x_wconf 90' lang='lat' dir='ltr'><strong>coniecturam</strong></span> <span class='ocrx_word' id='word_1_133' title='bbox 1039 2065 1097 2134; x_wconf 88' lang='lat' dir='ltr'><strong>fir·-</strong></span> 
     </span>
    </p>

    <p class='ocr_par' dir='ltr' id='par_1_6' title="bbox 8 2159 1097 2362">
     <span class='ocr_line' id='line_1_20' title="bbox 8 2159 1097 2262; baseline -0.004 -22"><span class='ocrx_word' id='word_1_134' title='bbox 8 2159 10 2250; x_wconf 65' lang='grc' dir='ltr'><strong><em>λ</em></strong></span> <span class='ocrx_word' id='word_1_135' title='bbox 59 2175 176 2250; x_wconf 85' lang='lat' dir='ltr'><strong>manda</strong></span> <span class='ocrx_word' id='word_1_136' title='bbox 200 2183 410 2260; x_wconf 87' lang='lat' dir='ltr'><strong>spectamus,</strong></span> <span class='ocrx_word' id='word_1_137' title='bbox 441 2168 528 2234; x_wconf 86' lang='lat' dir='ltr'><strong>nihil</strong></span> <span class='ocrx_word' id='word_1_138' title='bbox 550 2169 641 2236; x_wconf 88' lang='lat' dir='ltr'><strong>aliud</strong></span> <span class='ocrx_word' id='word_1_139' title='bbox 663 2168 835 2238; x_wconf 86' lang='lat' dir='ltr'><strong>Meursihs</strong></span> <span class='ocrx_word' id='word_1_140' title='bbox 855 2172 1011 2262; x_wconf 85' lang='lat' dir='ltr'><strong>prolerre</strong></span> <span class='ocrx_word' id='word_1_141' title='bbox 1032 2192 1097 2260; x_wconf 89' lang='lat' dir='ltr'><strong>po-</strong></span> 
     </span>
     <span class='ocr_line' id='line_1_21' title="bbox 57 2274 1097 2362; baseline -0.004 -18"><span class='ocrx_word' id='word_1_142' title='bbox 57 2285 137 2356; x_wconf 87' lang='lat' dir='ltr'><strong>tuit,</strong></span> <span class='ocrx_word' id='word_1_143' title='bbox 163 2297 263 2362; x_wconf 88' lang='lat' dir='ltr'><strong>quam</strong></span> <span class='ocrx_word' id='word_1_144' title='bbox 282 2274 592 2362; x_wconf 65' lang='lat' dir='ltr'><strong>utliarpocration</strong></span> <span class='ocrx_word' id='word_1_145' title='bbox 610 2275 750 2342; x_wconf 89' lang='lat' dir='ltr'><strong>eandem</strong></span> <span class='ocrx_word' id='word_1_146' title='bbox 771 2276 1022 2342; x_wconf 87' lang='lat' dir='ltr'><strong>divisionemin</strong></span> <span class='ocrx_word' id='word_1_147' title='bbox 1040 2279 1097 2342; x_wconf 86' lang='lat' dir='ltr'><strong>Si·</strong></span> 
     </span>
    </p>

    <p class='ocr_par' dir='ltr' id='par_1_7' title="bbox 8 2375 1096 2470">
     <span class='ocr_line' id='line_1_22' title="bbox 8 2375 1096 2470; baseline 0 -28"><span class='ocrx_word' id='word_1_148' title='bbox 8 2425 10 2466; x_wconf 75' lang='grc'><strong>,</strong></span> <span class='ocrx_word' id='word_1_149' title='bbox 59 2375 275 2470; x_wconf 84' lang='lat' dir='ltr'><strong>tophylaeum</strong></span> <span class='ocrx_word' id='word_1_150' title='bbox 287 2377 485 2464; x_wconf 82' lang='lat' dir='ltr'><strong>magistratu</strong></span> <span class='ocrx_word' id='word_1_151' title='bbox 505 2375 711 2462; x_wconf 89' lang='lat' dir='ltr'><strong>(quindecim</strong></span> <span class='ocrx_word' id='word_1_152' title='bbox 723 2375 878 2456; x_wconf 84' lang='lat' dir='ltr'><strong>Athenis,</strong></span> <span class='ocrx_word' id='word_1_153' title='bbox 900 2382 1048 2464; x_wconf 88' lang='lat' dir='ltr'><strong>quinque</strong></span> <span class='ocrx_word' id='word_1_154' title='bbox 1060 2381 1096 2442; x_wconf 87' lang='lat' dir='ltr'><strong>iu</strong></span> 
     </span>
    </p>

    <p class='ocr_par' dir='ltr' id='par_1_8' title="bbox 8 2473 1189 2570">
     <span class='ocr_line' id='line_1_23' title="bbox 8 2473 1189 2570; baseline 0 -26"><span class='ocrx_word' id='word_1_155' title='bbox 8 2475 13 2554; x_wconf 72' lang='lat' dir='ltr'><strong>Jt</strong></span> <span class='ocrx_word' id='word_1_156' title='bbox 60 2480 185 2566; x_wconf 85' lang='lat' dir='ltr'><strong>Piraeo)</strong></span> <span class='ocrx_word' id='word_1_157' title='bbox 213 2491 247 2544; x_wconf 93' lang='lat' dir='ltr'><strong>et</strong></span> <span class='ocrx_word' id='word_1_158' title='bbox 270 2473 471 2541; x_wconf 86' lang='lat' dir='ltr'><strong>Plutarchus</strong></span> <span class='ocrx_word' id='word_1_159' title='bbox 499 2492 580 2566; x_wconf 89' lang='lat' dir='ltr'><strong>post</strong></span> <span class='ocrx_word' id='word_1_160' title='bbox 604 2476 755 2543; x_wconf 81' lang='lat' dir='ltr'><strong>Athenas</strong></span> <span class='ocrx_word' id='word_1_161' title='bbox 776 2499 795 2542; x_wconf 89' lang='lat' dir='ltr'><strong>a</strong></span> <span class='ocrx_word' id='word_1_162' title='bbox 816 2478 1094 2546; x_wconf 85' lang='lat' dir='ltr'><strong>Lacedaemoniis</strong></span> <span class='ocrx_word' id='word_1_163' title='bbox 1186 2563 1189 2570; x_wconf 18' lang='grc' dir='ltr'><strong>Δ</strong></span> 
     </span>
    </p>

    <p class='ocr_par' dir='ltr' id='par_1_9' title="bbox 8 2579 1094 2673">
     <span class='ocr_line' id='line_1_24' title="bbox 8 2579 1094 2673; baseline 0 -25"><span class='ocrx_word' id='word_1_164' title='bbox 8 2579 10 2666; x_wconf 66' lang='lat' dir='ltr'><strong>l</strong></span> <span class='ocrx_word' id='word_1_165' title='bbox 62 2594 264 2673; x_wconf 85' lang='lat' dir='ltr'><strong>expugnatas</strong></span> <span class='ocrx_word' id='word_1_166' title='bbox 275 2584 311 2643; x_wconf 88' lang='lat' dir='ltr'><strong>in</strong></span> <span class='ocrx_word' id='word_1_167' title='bbox 324 2579 542 2644; x_wconf 89' lang='lat' dir='ltr'><strong>instituendis</strong></span> <span class='ocrx_word' id='word_1_168' title='bbox 556 2583 693 2668; x_wconf 84' lang='lat' dir='ltr'><strong>triginta</strong></span> <span class='ocrx_word' id='word_1_169' title='bbox 707 2584 782 2646; x_wconf 90' lang='lat' dir='ltr'><strong>urbi</strong></span> <span class='ocrx_word' id='word_1_170' title='bbox 796 2583 989 2670; x_wconf 83' lang='lat' dir='ltr'><strong>praefectis,</strong></span> <span class='ocrx_word' id='word_1_171' title='bbox 1010 2602 1094 2668; x_wconf 92' lang='lat' dir='ltr'><strong>quos</strong></span> 
     </span>
    </p>

    <p class='ocr_par' dir='ltr' id='par_1_10' title="bbox 8 2667 1094 2790">
     <span class='ocr_line' id='line_1_25' title="bbox 8 2677 1094 2790; baseline -0.006 -36"><span class='ocrx_word' id='word_1_172' title='bbox 8 2709 11 2790; x_wconf 46' lang='grc' dir='ltr'><strong><em>ι</em></strong></span> <span class='ocrx_word' id='word_1_173' title='bbox 61 2677 152 2776; x_wconf 76' lang='lat' dir='ltr'><strong>vulgo</strong></span> <span class='ocrx_word' id='word_1_174' title='bbox 169 2688 310 2772; x_wconf 77' lang='lat' dir='ltr'><strong>triginta</strong></span> <span class='ocrx_word' id='word_1_175' title='bbox 324 2695 486 2773; x_wconf 84' lang='lat' dir='ltr'><strong>tyrannos</strong></span> <span class='ocrx_word' id='word_1_176' title='bbox 500 2697 696 2771; x_wconf 87' lang='lat' dir='ltr'><strong>nuncupant</strong></span> <span class='ocrx_word' id='word_1_177' title='bbox 704 2731 715 2764; x_wconf 91' lang='lat'>,</span> <span class='ocrx_word' id='word_1_178' title='bbox 738 2699 873 2772; x_wconf 86' lang='lat' dir='ltr'><strong>praeter</strong></span> <span class='ocrx_word' id='word_1_179' title='bbox 887 2707 971 2772; x_wconf 90' lang='lat' dir='ltr'><strong>quos</strong></span> <span class='ocrx_word' id='word_1_180' title='bbox 985 2689 1020 2748; x_wconf 87' lang='lat' dir='ltr'><strong>in</strong></span> <span class='ocrx_word' id='word_1_181' title='bbox 1035 2685 1094 2748; x_wconf 90' lang='lat' dir='ltr'><strong>Pi-</strong></span> 
     </span>
    </p>

    <p class='ocr_par' dir='ltr' id='par_1_11' title="bbox 8 2781 1093 2872">
     <span class='ocr_line' id='line_1_26' title="bbox 8 2781 1093 2872; baseline -0.003 -19"><span class='ocrx_word' id='word_1_182' title='bbox 8 2841 10 2854; x_wconf 87' lang='lat'>.</span> <span class='ocrx_word' id='word_1_183' title='bbox 62 2809 133 2853; x_wconf 86' lang='lat' dir='ltr'><strong>raeo</strong></span> <span class='ocrx_word' id='word_1_184' title='bbox 157 2781 427 2852; x_wconf 83' lang='lat' dir='ltr'><strong>administrando</strong></span> <span class='ocrx_word' id='word_1_185' title='bbox 446 2783 563 2848; x_wconf 90' lang='lat' dir='ltr'><strong>decem</strong></span> <span class='ocrx_word' id='word_1_186' title='bbox 585 2781 942 2872; x_wconf 80' lang='lat' dir='ltr'><strong>alii-praeficerentur,</strong></span> <span class='ocrx_word' id='word_1_187' title='bbox 978 2785 1093 2852; x_wconf 87' lang='lat' dir='ltr'><strong>trade-</strong></span> 
     </span>
    </p>

    <p class='ocr_par' dir='ltr' id='par_1_12' title="bbox 8 2882 1188 2977">
     <span class='ocr_line' id='line_1_27' title="bbox 8 2882 1188 2977; baseline -0.005 -21"><span class='ocrx_word' id='word_1_188' title='bbox 8 2925 10 2956; x_wconf 58' lang='grc' dir='ltr'><strong><em>ι</em></strong></span> <span class='ocrx_word' id='word_1_189' title='bbox 62 2903 139 2955; x_wconf 86' lang='lat' dir='ltr'><strong>rent.</strong></span> <span class='ocrx_word' id='word_1_190' title='bbox 192 2885 262 2956; x_wconf 86' lang='lat' dir='ltr'><strong>Sed</strong></span> <span class='ocrx_word' id='word_1_191' title='bbox 292 2888 447 2970; x_wconf 85' lang='lat' dir='ltr'><strong>quisnam</strong></span> <span class='ocrx_word' id='word_1_192' title='bbox 475 2888 510 2950; x_wconf 90' lang='lat' dir='ltr'><strong>in</strong></span> <span class='ocrx_word' id='word_1_193' title='bbox 540 2882 594 2950; x_wconf 87' lang='lat' dir='ltr'><strong>his</strong></span> <span class='ocrx_word' id='word_1_194' title='bbox 619 2885 784 2977; x_wconf 84' lang='lat' dir='ltr'><strong>exemplis</strong></span> <span class='ocrx_word' id='word_1_195' title='bbox 809 2909 879 2952; x_wconf 90' lang='lat' dir='ltr'><strong>non</strong></span> <span class='ocrx_word' id='word_1_196' title='bbox 904 2888 1092 2954; x_wconf 75' lang='lat' dir='ltr'><strong>videt-rem</strong></span> <span class='ocrx_word' id='word_1_197' title='bbox 1184 2941 1188 2958; x_wconf 86' lang='grc'>,</span> 
     </span>
    </p>

    <p class='ocr_par' dir='ltr' id='par_1_13' title="bbox 8 3091 1091 3184">
     <span class='ocr_line' id='line_1_28' title="bbox 8 3091 1091 3184; baseline 0.003 -19"><span class='ocrx_word' id='word_1_198' title='bbox 8 3091 10 3180; x_wconf 64' lang='lat' dir='ltr'><strong>i</strong></span> <span class='ocrx_word' id='word_1_199' title='bbox 123 3112 187 3182; x_wconf 77' lang='lat'>²⁰9)</span> <span class='ocrx_word' id='word_1_200' title='bbox 207 3113 384 3180; x_wconf 86' lang='lat' dir='ltr'><strong>Harpocrst.</strong></span> <span class='ocrx_word' id='word_1_201' title='bbox 405 3127 428 3167; x_wconf 84' lang='lat' dir='ltr'><strong>s.</strong></span> <span class='ocrx_word' id='word_1_202' title='bbox 454 3105 707 3183; x_wconf 75' lang='grc' dir='ltr'><strong>νοο.Ἀσιιινόμος’</strong></span> <span class='ocrx_word' id='word_1_203' title='bbox 739 3095 1091 3184; x_wconf 56' lang='grc' dir='ltr'><strong>,ΛημοσθλνηξκαιὰΤι-</strong></span> 
     </span>
    </p>

    <p class='ocr_par' dir='ltr' id='par_1_14' title="bbox 8 3189 1092 3274">
     <span class='ocr_line' id='line_1_29' title="bbox 8 3189 1092 3274; baseline 0.001 -22"><span class='ocrx_word' id='word_1_204' title='bbox 8 3203 10 3240; x_wconf 72' lang='lat' dir='ltr'><strong>t</strong></span> <span class='ocrx_word' id='word_1_205' title='bbox 61 3193 216 3272; x_wconf 74' lang='lat' dir='ltr'><strong>poapdrooe.</strong></span> <span class='ocrx_word' id='word_1_206' title='bbox 247 3195 316 3252; x_wconf 72' lang='grc' dir='ltr'><strong>δέκα</strong></span> <span class='ocrx_word' id='word_1_207' title='bbox 334 3195 420 3268; x_wconf 77' lang='grc' dir='ltr'><strong><em>φησὶν</em></strong></span> <span class='ocrx_word' id='word_1_208' title='bbox 440 3189 511 3252; x_wconf 76' lang='grc' dir='ltr'><strong><em>εἶναι</em></strong></span> <span class='ocrx_word' id='word_1_209' title='bbox 533 3193 598 3260; x_wconf 78' lang='grc' dir='ltr'><strong><em>τοὺς</em></strong></span> <span class='ocrx_word' id='word_1_210' title='bbox 618 3193 788 3268; x_wconf 73' lang='grc' dir='ltr'>ἀστυνόμους</span> <span class='ocrx_word' id='word_1_211' title='bbox 804 3195 993 3274; x_wconf 70' lang='grc' dir='ltr'><strong>’Λρισιοιὲλης</strong></span> <span class='ocrx_word' id='word_1_212' title='bbox 1011 3201 1041 3254; x_wconf 76' lang='grc' dir='ltr'><strong>ἐν</strong></span> <span class='ocrx_word' id='word_1_213' title='bbox 1057 3199 1092 3274; x_wconf 77' lang='grc' dir='ltr'><strong>τῇ</strong></span> 
     </span>
    </p>

    <p class='ocr_par' dir='ltr' id='par_1_15' title="bbox 8 3281 1091 3628">
     <span class='ocr_line' id='line_1_30' title="bbox 8 3281 1091 3360; baseline -0.001 -17"><span class='ocrx_word' id='word_1_214' title='bbox 8 3287 10 3352; x_wconf 68' lang='lat' dir='ltr'><strong>l</strong></span> <span class='ocrx_word' id='word_1_215' title='bbox 58 3285 205 3358; x_wconf 72' lang='grc' dir='ltr'><strong>Ἀθηναίων</strong></span> <span class='ocrx_word' id='word_1_216' title='bbox 219 3287 362 3360; x_wconf 76' lang='grc' dir='ltr'><strong><em>ιιολιιιλᾳ,</em></strong></span> <span class='ocrx_word' id='word_1_217' title='bbox 381 3286 464 3343; x_wconf 74' lang='grc' dir='ltr'><em>πέντε</em></span> <span class='ocrx_word' id='word_1_218' title='bbox 475 3285 527 3358; x_wconf 69' lang='grc' dir='ltr'><strong>μὲν</strong></span> <span class='ocrx_word' id='word_1_219' title='bbox 537 3289 676 3357; x_wconf 75' lang='grc' dir='ltr'><strong><em>Πειραιεῖ,</em></strong></span> <span class='ocrx_word' id='word_1_220' title='bbox 695 3288 776 3343; x_wconf 75' lang='lat' dir='ltr'><strong>nives</strong></span> <span class='ocrx_word' id='word_1_221' title='bbox 789 3283 818 3342; x_wconf 77' lang='grc' dir='ltr'><strong>δ’</strong></span> <span class='ocrx_word' id='word_1_222' title='bbox 832 3293 861 3345; x_wconf 78' lang='grc' dir='ltr'><strong>λι</strong></span> <span class='ocrx_word' id='word_1_223' title='bbox 873 3284 961 3343; x_wconf 77' lang='lat' dir='ltr'><strong>duret.</strong></span> <span class='ocrx_word' id='word_1_224' title='bbox 983 3281 1091 3354; x_wconf 69' lang='lat' dir='ltr'><strong>scitote</strong></span> 
     </span>
     <span class='ocr_line' id='line_1_31' title="bbox 62 3365 1088 3448; baseline 0.001 -20"><span class='ocrx_word' id='word_1_225' title='bbox 62 3376 88 3432; x_wconf 78' lang='lat' dir='ltr'><strong>ii</strong></span> <span class='ocrx_word' id='word_1_226' title='bbox 99 3395 162 3446; x_wconf 73' lang='grc' dir='ltr'><strong><em>φησι</em></strong></span> <span class='ocrx_word' id='word_1_227' title='bbox 175 3374 269 3444; x_wconf 75' lang='grc' dir='ltr'><strong><em>μέλειν</em></strong></span> <span class='ocrx_word' id='word_1_228' title='bbox 284 3373 349 3445; x_wconf 69' lang='grc' dir='ltr'><strong>περὶ</strong></span> <span class='ocrx_word' id='word_1_229' title='bbox 361 3391 390 3426; x_wconf 84' lang='lat' dir='ltr'><strong>ss</strong></span> <span class='ocrx_word' id='word_1_230' title='bbox 404 3373 456 3427; x_wconf 80' lang='grc' dir='ltr'><strong>τῶν</strong></span> <span class='ocrx_word' id='word_1_231' title='bbox 465 3365 635 3443; x_wconf 78' lang='grc' dir='ltr'><strong><em>αὗληιρλὸων</em></strong></span> <span class='ocrx_word' id='word_1_232' title='bbox 648 3374 694 3427; x_wconf 77' lang='grc' dir='ltr'><strong>καὶ</strong></span> <span class='ocrx_word' id='word_1_233' title='bbox 708 3373 845 3446; x_wconf 73' lang='grc' dir='ltr'><strong><em>ψαλτριῶν</em></strong></span> <span class='ocrx_word' id='word_1_234' title='bbox 858 3377 904 3428; x_wconf 81' lang='grc' dir='ltr'><strong>καὶ</strong></span> <span class='ocrx_word' id='word_1_235' title='bbox 917 3375 969 3429; x_wconf 73' lang='grc' dir='ltr'><strong>τῶν</strong></span> <span class='ocrx_word' id='word_1_236' title='bbox 982 3391 1088 3448; x_wconf 73' lang='grc' dir='ltr'><strong><em>κοπρο-</em></strong></span> 
     </span>
     <span class='ocr_line' id='line_1_32' title="bbox 63 3457 1088 3536; baseline -0.007 -16"><span class='ocrx_word' id='word_1_237' title='bbox 63 3463 203 3536; x_wconf 73' lang='grc' dir='ltr'><strong>λόγωνκαὶ</strong></span> <span class='ocrx_word' id='word_1_238' title='bbox 226 3459 277 3517; x_wconf 74' lang='grc' dir='ltr'><strong>τῶν</strong></span> <span class='ocrx_word' id='word_1_239' title='bbox 295 3457 457 3534; x_wconf 68' lang='grc' dir='ltr'><strong><em>ιο“ιοᾷιιιν.”</em></strong></span> <span class='ocrx_word' id='word_1_240' title='bbox 493 3463 563 3516; x_wconf 89' lang='lat' dir='ltr'><strong>Lex.</strong></span> <span class='ocrx_word' id='word_1_241' title='bbox 580 3461 696 3531; x_wconf 70' lang='lat' dir='ltr'><strong>Seguer.</strong></span> <span class='ocrx_word' id='word_1_242' title='bbox 714 3463 791 3532; x_wconf 90' lang='lat' dir='ltr'><strong>apud</strong></span> <span class='ocrx_word' id='word_1_243' title='bbox 810 3459 900 3523; x_wconf 71' lang='lat' dir='ltr'><strong>seit.</strong></span> <span class='ocrx_word' id='word_1_244' title='bbox 913 3464 937 3522; x_wconf 85' lang='lat'><strong>1.</strong></span> <span class='ocrx_word' id='word_1_245' title='bbox 954 3479 1021 3534; x_wconf 77' lang='lat' dir='ltr'><strong>pag.</strong></span> <span class='ocrx_word' id='word_1_246' title='bbox 1036 3478 1088 3534; x_wconf 73' lang='lat'><strong>455</strong></span> 
     </span>
     <span class='ocr_line' id='line_1_33' title="bbox 65 3547 1091 3628; baseline -0.012 -23"><span class='ocrx_word' id='word_1_247' title='bbox 65 3563 90 3605; x_wconf 87' lang='lat' dir='ltr'><strong>et</strong></span> <span class='ocrx_word' id='word_1_248' title='bbox 100 3553 194 3607; x_wconf 85' lang='lat' dir='ltr'><strong>Suidas</strong></span> <span class='ocrx_word' id='word_1_249' title='bbox 212 3549 316 3602; x_wconf 85' lang='lat' dir='ltr'><strong>endem</strong></span> <span class='ocrx_word' id='word_1_250' title='bbox 333 3549 419 3612; x_wconf 71' lang='lat' dir='ltr'><strong>rerba</strong></span> <span class='ocrx_word' id='word_1_251' title='bbox 429 3547 580 3628; x_wconf 84' lang='lat' dir='ltr'><strong>praebent.</strong></span> <span class='ocrx_word' id='word_1_252' title='bbox 1082 3562 1091 3583; x_wconf 70' lang='grc' dir='ltr'><strong><em>ι</em></strong></span> 
     </span>
    </p>
   </div>
   <div class='ocr_carea' id='block_1_3' title="bbox 65 3653 1088 3909">
    <p class='ocr_par' dir='ltr' id='par_1_16' title="bbox 65 3653 1088 3909">
     <span class='ocr_line' id='line_1_34' title="bbox 124 3653 1088 3727; baseline -0.01 -15"><span class='ocrx_word' id='word_1_253' title='bbox 124 3657 281 3727; x_wconf 80' lang='lat' dir='ltr'><strong>210)Nam</strong></span> <span class='ocrx_word' id='word_1_254' title='bbox 302 3653 411 3706; x_wconf 83' lang='lat' dir='ltr'><strong>Pollux.</strong></span> <span class='ocrx_word' id='word_1_255' title='bbox 427 3655 461 3710; x_wconf 83' lang='lat' dir='ltr'><strong>X.</strong></span> <span class='ocrx_word' id='word_1_256' title='bbox 482 3669 548 3721; x_wconf 87' lang='lat' dir='ltr'><strong>cap.</strong></span> <span class='ocrx_word' id='word_1_257' title='bbox 562 3669 589 3720; x_wconf 85' lang='lat'><strong>4.</strong></span> <span class='ocrx_word' id='word_1_258' title='bbox 616 3669 679 3724; x_wconf 75' lang='lat' dir='ltr'><strong>pag.</strong></span> <span class='ocrx_word' id='word_1_259' title='bbox 696 3661 748 3722; x_wconf 77' lang='lat'><strong>983</strong></span> <span class='ocrx_word' id='word_1_260' title='bbox 768 3655 971 3709; x_wconf 87' lang='lat' dir='ltr'><strong>tantummodo</strong></span> <span class='ocrx_word' id='word_1_261' title='bbox 988 3671 1088 3708; x_wconf 79' lang='lat' dir='ltr'><strong>vocem</strong></span> 
     </span>
     <span class='ocr_line' id='line_1_35' title="bbox 65 3740 1088 3812; baseline -0.009 -13"><span class='ocrx_word' id='word_1_262' title='bbox 65 3751 95 3800; x_wconf 87' lang='lat' dir='ltr'><strong>ab</strong></span> <span class='ocrx_word' id='word_1_263' title='bbox 107 3745 172 3803; x_wconf 75' lang='lat' dir='ltr'><strong>dosv</strong></span> <span class='ocrx_word' id='word_1_264' title='bbox 188 3742 377 3796; x_wconf 85' lang='lat' dir='ltr'><strong>derivandam</strong></span> <span class='ocrx_word' id='word_1_265' title='bbox 394 3741 498 3805; x_wconf 83' lang='lat' dir='ltr'><strong>olfert,</strong></span> <span class='ocrx_word' id='word_1_266' title='bbox 519 3749 548 3791; x_wconf 91' lang='lat' dir='ltr'><strong>et</strong></span> <span class='ocrx_word' id='word_1_267' title='bbox 561 3740 722 3810; x_wconf 75' lang='lat' dir='ltr'><strong>Hesychius</strong></span> <span class='ocrx_word' id='word_1_268' title='bbox 737 3741 958 3812; x_wconf 82' lang='lat' dir='ltr'><strong>explicationem</strong></span> <span class='ocrx_word' id='word_1_269' title='bbox 972 3743 1088 3798; x_wconf 79' lang='lat' dir='ltr'><strong>[utilem</strong></span> 
     </span>
     <span class='ocr_line' id='line_1_36' title="bbox 65 3825 625 3909; baseline -0.021 -16"><span class='ocrx_word' id='word_1_270' title='bbox 65 3837 94 3906; x_wconf 85' lang='lat' dir='ltr'><strong>„o&#39;</strong></span> <span class='ocrx_word' id='word_1_271' title='bbox 106 3825 339 3909; x_wconf 60' lang='lat' dir='ltr'><strong>diotusiususdad</strong></span> <span class='ocrx_word' id='word_1_272' title='bbox 353 3825 448 3884; x_wconf 77' lang='grc' dir='ltr'><strong><em>ιλυιυ”</em></strong></span> <span class='ocrx_word' id='word_1_273' title='bbox 467 3826 625 3896; x_wconf 80' lang='lat' dir='ltr'><strong>descripsit.</strong></span> 
     </span>
    </p>
   </div>
   <div class='ocr_carea' id='block_1_4' title="bbox 124 3905 725 4008">
    <p class='ocr_par' dir='ltr' id='par_1_17' title="bbox 124 3905 725 4008">
     <span class='ocr_line' id='line_1_37' title="bbox 124 3905 725 4008; baseline -0.025 -12"><span class='ocrx_word' id='word_1_274' title='bbox 124 3939 279 4008; x_wconf 65' lang='lat' dir='ltr'><strong>nouem</strong></span> <span class='ocrx_word' id='word_1_275' title='bbox 301 3933 572 4002; x_wconf 78' lang='lat' dir='ltr'><strong>Attic.I.oap.19.</strong></span> <span class='ocrx_word' id='word_1_276' title='bbox 651 3987 654 3995; x_wconf 15' lang='lat' dir='ltr'>A</span> <span class='ocrx_word' id='word_1_277' title='bbox 721 3905 725 3918; x_wconf 21' lang='grc' dir='ltr'><strong><em>λ</em></strong></span> 
     </span>
    </p>
   </div>
   <div class='ocr_carea' id='block_1_5' title="bbox 0 0 1336 4710">
    <p class='ocr_par' dir='ltr' id='par_1_18' title="bbox 0 0 1336 4710">
     <span class='ocr_line' id='line_1_38' title="bbox 0 0 1336 4710; baseline 0 0"><span class='ocrx_word' id='word_1_278' title='bbox 0 0 1336 4710; x_wconf 95' lang='lat' dir='ltr'><strong> </strong></span> 
     </span>
    </p>
   </div>
  </div>
 </body>
</html>
